timestamp,volume,price
1691107205873,-2288.0,1835.55
1691107205922,-4783.0,1835.45
1691107205922,-357.0,1835.45
1691107206020,-763.0,1835.1
1691107206022,-6737.0,1835.1
1691107206029,-2990.0,1835.05
1691107206034,-4510.0,1835.05
1691107206056,-3481.0,1835.0
1691107206056,-16.0,1835.0
1691107206056,-6640.0,1834.6
1691107206056,-5000.0,1835.0
1691107206056,-64.0,1834.6
1691107206110,-797.0,1834.6
1691107206147,-3012.0,1834.6
1691107206357,-98.0,1834.5
1691107206679,5502.0,1834.25
1691107206684,5502.0,1834.25
1691107206689,5502.0,1834.25
1691107206694,5502.0,1834.25
1691107206698,1185.0,1834.25
1691107206698,3543.0,1834.25
1691107206698,774.0,1834.25
1691107206702,5502.0,1834.25
1691107206744,774.0,1834.35
1691107206744,629.0,1834.35
1691107206744,4099.0,1834.25
1691107206749,5502.0,1834.35
1691107206757,5502.0,1834.35
1691107206762,5502.0,1834.35
1691107206767,5502.0,1834.35
1691107206772,4946.0,1834.35
1691107206772,556.0,1834.35
1691107206777,5502.0,1834.35
1691107206888,5502.0,1834.9
1691107206893,5502.0,1834.9
1691107207681,1180.0,1835.6
1691107207681,3145.0,1835.25
1691107207681,700.0,1835.6
1691107208512,-20.0,1835.45
1691107208670,-20.0,1835.45
1691107208887,-4743.0,1835.45
1691107209203,3145.0,1835.15
1691107209237,10000.0,1835.5
1691107209249,805.0,1835.65
1691107209249,5418.0,1835.65
1691107209254,12.0,1835.7
1691107209302,5693.0,1835.65
1691107209474,1066.0,1835.8
1691107209475,811.0,1835.85
1691107209604,6128.0,1836.05
1691107209616,2121.0,1836.1
1691107209774,100.0,1836.25
1691107209774,30.0,1836.3
1691107209774,398.0,1836.25
1691107209774,3453.0,1836.3
1691107209795,3145.0,1836.3
1691107209893,3145.0,1836.4
1691107209963,-99.0,1836.95
1691107210112,-828.0,1836.95
1691107210132,-2725.0,1836.95
1691107210233,-11025.0,1836.95
1691107210234,-10251.0,1836.95
1691107210234,-2119.0,1836.95
1691107210234,-774.0,1836.95
1691107210237,-12942.0,1836.95
1691107210308,3145.0,1836.5
1691107210308,12069.0,1836.95
1691107210570,-10448.0,1836.75
1691107210570,-774.0,1836.75
1691107210570,-19000.0,1836.75
1691107210570,-23193.0,1836.75
1691107210960,-5030.0,1836.75
1691107211721,-774.0,1836.75
1691107211721,-19540.0,1836.75
1691107212344,750.0,1835.7
1691107212514,-1991.0,1835.65
1691107212514,-3516.0,1835.65
1691107212522,-5001.0,1835.6
1691107212558,1000.0,1835.4
1691107212607,-3145.0,1835.3
1691107212618,-19000.0,1835.25
1691107212618,-19000.0,1835.25
1691107212622,750.0,1835.3
1691107212682,-57000.0,1835.15
1691107212687,-40948.0,1835.15
1691107212768,-3145.0,1835.1
1691107212773,-796.0,1835.1
1691107212773,-14204.0,1834.9
1691107212845,-1100.0,1834.85
1691107212956,-229.0,1834.85
1691107212956,-3145.0,1834.85
1691107213086,1042.0,1834.45
1691107213113,1066.0,1834.45
1691107213130,20000.0,1834.45
1691107213139,750.0,1834.45
1691107213187,774.0,1834.45
1691107213187,19000.0,1834.4
1691107213187,335.0,1834.45
1691107213328,95.0,1834.4
1691107213447,11025.0,1834.4
1691107213997,774.0,1834.9
1691107213997,23193.0,1834.75
1691107213997,9469.0,1834.75
1691107213997,774.0,1834.75
1691107214078,15443.0,1835.0
1691107214427,634.0,1835.15
1691107214427,1990.0,1835.15
1691107214441,3056.0,1835.15
1691107214455,6001.0,1835.15
1691107214483,309.0,1835.15
1691107214483,2.0,1835.2
1691107214547,772.0,1835.2
1691107214547,10000.0,1835.2
1691107214649,-14427.0,1835.3
1691107214649,-774.0,1835.3
1691107214724,2385.0,1835.35
1691107214754,2982.0,1835.35
1691107214808,-797.0,1835.3
1691107218367,993.0,1835.35
1691107218479,37500.0,1835.7
1691107218479,774.0,1835.7
1691107218486,3246.0,1835.9
1691107218623,6668.0,1836.1
1691107218664,5333.0,1836.3
1691107218664,6668.0,1836.3
1691107218664,3145.0,1836.3
1691107218667,3462.0,1836.35
1691107218667,50000.0,1836.35
1691107218677,3586.0,1836.4
1691107218677,3145.0,1836.35
1691107218734,810.0,1836.5
1691107218738,10000.0,1836.55
1691107218854,10000.0,1836.75
1691107219959,16.0,1837.0
1691107219959,4.0,1837.0
1691107222200,-659.0,1836.75
1691107222205,-298.0,1836.75
1691107226611,-774.0,1836.65
1691107226611,-2412.0,1836.65
1691107226616,-2330.0,1836.65
1691107235120,-30.0,1835.85
1691107235120,-1002.0,1835.85
1691107235142,-2080.0,1835.8
1691107235144,-1421.0,1835.8
1691107264520,34800.0,1835.25
1691107264520,1600.0,1835.25
1691107265130,121.0,1835.35
1691107269192,49.0,1836.1
1691107269192,27.0,1836.1
1691107269192,3147.0,1836.05
1691107269192,1440.0,1836.15
1691107278622,6356.0,1836.15
1691107278622,34.0,1836.15
1691107305169,2.0,1836.4
1691107331611,2356.0,1836.4
1691107336575,1109.0,1836.4
1691107419309,16.0,1837.0
1691107433117,3138.0,1837.3
1691107433123,2304.0,1837.3
1691107433159,59.0,1837.4
1691107433159,800.0,1837.4
1691107461258,14.0,1837.6
1691107521150,-143.0,1837.55
1691107521150,-40.0,1837.55
1691107521150,-56.0,1837.55
1691107521150,-37.0,1837.55
1691107521150,-51.0,1837.55
1691107521150,-56.0,1837.55
1691107521150,-231.0,1837.55
1691107521154,-1530.0,1837.5
1691107561475,-6.0,1837.25
1691107561475,-1114.0,1837.25
1691107561475,-100.0,1837.25
1691107561475,-503.0,1837.25
1691107561475,-35.0,1837.25
1691107561526,-393.0,1837.2
1691107561526,-4519.0,1837.2
1691107561559,-782.0,1837.1
1691107562521,-63.0,1836.75
1691107562633,-1042.0,1836.55
1691107562633,-3545.0,1836.55
1691107562633,-1266.0,1836.55
1691107562858,-777.0,1836.05
1691107573248,-720.0,1836.0
1691107573248,-16.0,1836.0
1691107573248,-4.0,1836.0
1691107573299,-5181.0,1835.9
1691107587431,2766.0,1835.55
1691107587463,8316.0,1835.55
1691107587474,3943.0,1835.55
1691107587481,774.0,1835.55
1691107587481,23193.0,1835.55
1691107587498,637.0,1835.55
1691107587498,1023.0,1835.55
1691107587498,11008.0,1835.55
1691107587503,4.0,1835.55
1691107587507,120.0,1835.55
1691107587507,768.0,1835.55
1691107590634,5000.0,1836.35
1691107600254,-1312.0,1836.4
1691107600254,-838.0,1836.4
1691107624185,-753.0,1835.8
1691107624185,-2149.0,1835.8
1691107639673,-884.0,1835.6
1691107639673,-2643.0,1835.6
1691107656721,-24.0,1835.5
1691107656721,-2958.0,1835.5
1691107656721,-41.0,1835.5
1691107656780,-11025.0,1835.5
1691107695076,-8361.0,1835.5
1691107695078,-1727.0,1835.5
1691107695084,-67.0,1835.5
1691107695084,-8267.0,1835.5
1691107695084,-27.0,1835.5
1691107742480,-11025.0,1835.15
1691107742503,-707.0,1835.15
1691107742503,-7326.0,1835.15
1691107742546,-16.0,1835.0
1691107742859,-3481.0,1834.9
1691107743224,-1661.0,1834.85
1691107745433,-10.0,1834.7
1691107759708,-8070.0,1834.45
1691107759709,-3919.0,1834.45
1691107759709,-774.0,1834.45
1691107759721,-2065.0,1834.35
1691107759726,-797.0,1834.35
1691107759786,-2422.0,1834.35
1691107759801,-27130.0,1834.3
1691107759801,-18343.0,1834.3
1691107759801,-5000.0,1834.3
1691107759813,-3063.0,1834.0
1691107759813,-16.0,1834.0
1691107759813,-1870.0,1834.3
1691107759813,-59.0,1834.0
1691107807232,776.0,1833.85
1691107807232,789.0,1833.85
1691107807236,784.0,1833.85
1691107807236,16.0,1833.85
1691107807236,2727.0,1833.85
1691107807238,795.0,1833.85
1691107807238,4205.0,1833.85
1691107807240,1031.0,1833.85
1691107818119,891.0,1834.4
1691107819214,27.0,1834.8
1691107819223,6333.0,1834.85
1691107885913,28.0,1835.05
1691107885913,16.0,1835.05
1691107886647,3433.0,1835.45
1691107887043,6862.0,1835.85
1691107887237,16.0,1836.0
1691107901988,30.0,1836.3
1691107904408,1.0,1836.3
1691107925519,1.0,1836.3
1691107925519,1185.0,1836.3
1691107925519,39.0,1836.3
1691107927418,3834.0,1836.8
1691107940312,30.0,1836.8
1691108134136,30.0,1836.8
1691108168892,336.0,1836.8
1691108168892,1071.0,1836.8
1691108168892,29.0,1836.8
1691108168961,516.0,1837.05
1691108168961,16.0,1837.0
1691108240121,3513.0,1837.55
1691108240121,13.0,1837.35
1691108285294,-2027.0,1837.75
1691108285294,-1767.0,1837.75
1691108285294,-2227.0,1837.75
1691108285294,-2049.0,1837.75
1691108406633,39.0,1837.8
1691108421527,1391.0,1837.8
1691108421530,108.0,1837.8
1691108421530,3458.0,1837.8
1691108421530,17.0,1837.8
1691108421534,3540.0,1837.8
1691108421534,575.0,1837.8
1691108421534,792.0,1837.8
1691108439689,9.0,1838.1
1691108439689,16.0,1838.0
1691108439689,15.0,1838.0
1691108461152,8.0,1838.2
1691108504851,-4.0,1838.15
1691108506658,1063.0,1838.2
1691108506663,1915.0,1838.25
1691108506669,2623.0,1838.25
1691108506752,4885.0,1838.35
1691108509460,6481.0,1838.7
1691108511117,52.0,1838.8
1691108511117,100.0,1838.8
1691108515713,2863.0,1838.95
1691108515713,52.0,1838.95
1691108515713,3145.0,1838.95
1691108531733,-2049.0,1838.9
1691108531733,-2057.0,1838.9
1691108531733,-6919.0,1838.9
1691108577835,-8922.0,1838.9
1691108577835,-1656.0,1838.9
1691108577835,-447.0,1838.9
1691108578733,-493.0,1838.9
1691108578733,-1655.0,1838.9
1691108578733,-30.0,1838.9
1691108586599,4.0,1838.9
1691108606832,-828.0,1838.85
1691108606832,-4819.0,1838.85
1691108654296,-207.0,1838.45
1691108654296,-4981.0,1838.4
1691108692030,-68.0,1838.4
1691108692030,-1231.0,1838.4
1691108730239,-1553.0,1837.85
1691108730342,-42.0,1837.8
1691108844120,-4569.0,1837.75
1691108955583,-16.0,1837.0
1691108974172,-1807.0,1836.9
1691108995210,-57.0,1836.4
1691108995738,-6450.0,1836.25
1691108995740,-10000.0,1836.1
1691108995742,-16.0,1836.0
1691108995742,-5000.0,1836.0
1691108995746,-796.0,1835.8
1691108995748,-2723.0,1835.8
1691108995754,-3829.0,1835.75
1691108995782,-5000.0,1835.7
1691108995798,-5648.0,1835.5
1691108995798,-5648.0,1835.55
1691108995798,-32641.0,1835.35
1691108995798,-5648.0,1835.35
1691108995798,-25000.0,1835.4
1691108995798,-19000.0,1835.4
1691108995834,-5007.0,1835.35
1691108995853,-460.0,1835.35
1691108995865,-1710.0,1835.35
1691108995865,-11747.0,1835.35
1691108995876,-4471.0,1835.35
1691108995885,-19320.0,1835.35
1691108995897,-17889.0,1835.35
1691108995900,-6610.0,1835.35
1691108995900,-66.0,1835.2
1691108995900,-3829.0,1835.3
1691108995916,-1879.0,1835.15
1691108995916,-5648.0,1835.2
1691108995916,-32.0,1835.2
1691108995923,-8199.0,1835.15
1691108995949,-1859.0,1835.05
1691108995949,-8922.0,1835.15
1691108996057,-16.0,1835.0
1691108996057,-100.0,1835.0
1691108996057,-5884.0,1834.95
1691108996087,-5025.0,1834.95
1691108996120,-975.0,1834.95
1691108996325,-300.0,1834.65
1691109030091,-16.0,1834.0
1691109030091,-64.0,1834.0
1691109030091,-27.0,1834.0
1691109054097,-230.0,1834.0
1691109054097,-488.0,1834.0
1691109059258,-718.0,1834.0
1691109064423,-216.0,1834.0
1691109064423,-493.0,1834.0
1691109064423,-9.0,1834.0
1691109067305,1716.0,1834.05
1691109067305,731.0,1834.05
1691109067305,8578.0,1834.05
1691109067382,272.0,1834.05
1691109067382,10753.0,1834.05
1691109067467,1439.0,1834.05
1691109067467,9283.0,1834.05
1691109067467,303.0,1834.05
1691109067469,1848.0,1834.05
1691109067469,152.0,1834.05
1691109067472,1458.0,1834.05
1691109067472,542.0,1834.05
1691109067474,754.0,1834.05
1691109067474,1080.0,1834.05
1691109067474,166.0,1834.05
1691109067919,10046.0,1834.05
1691109067919,979.0,1834.05
1691109069773,11025.0,1834.05
1691109069821,7986.0,1834.05
1691109069824,969.0,1834.05
1691109069836,249.0,1834.05
1691109069836,1989.0,1834.05
1691109069836,669.0,1834.05
1691109069836,30.0,1834.1
1691109081500,-718.0,1834.65
1691109098530,-718.0,1834.65
1691109104689,7.0,1834.7
1691109129571,-1346.0,1834.65
1691109129572,-403.0,1834.65
1691109129572,-1137.0,1834.65
1691109129574,-2677.0,1834.65
1691109129574,-3597.0,1834.65
1691109129578,-3145.0,1834.6
1691109129591,-796.0,1834.55
1691109129603,-4204.0,1834.55
1691109129683,-4219.0,1834.25
1691109129683,-789.0,1834.45
1691109129698,-4000.0,1834.25
1691109129698,-14478.0,1834.25
1691109129698,-715.0,1834.1
1691109129698,-819.0,1834.25
1691109240586,5556.0,1833.9
1691109240586,1228.0,1833.9
1691109240586,120.0,1833.9
1691109287750,1381.0,1834.1
1691109287750,289.0,1834.1
1691109287750,30.0,1834.1
1691109287750,232.0,1834.1
1691109367664,1141.0,1834.3
1691109367664,240.0,1834.3
1691109367687,1228.0,1834.45
1691109367766,10000.0,1834.5
1691109368253,6340.0,1834.8
1691109406567,1675.0,1835.25
1691109406567,16.0,1835.0
1691109406567,122.0,1835.25
1691109406567,779.0,1835.0
1691109406567,14.0,1835.15
1691109406570,80.0,1835.25
1691109406570,5377.0,1835.25
1691109406767,27.0,1835.35
1691109410662,3431.0,1835.45
1691109442473,810.0,1835.9
1691109442473,4613.0,1835.9
1691109442473,1248.0,1835.9
1691109443209,794.0,1836.0
1691109443209,16.0,1836.0
1691109492422,-627.0,1836.3
1691109492422,-679.0,1836.3
1691109492422,-663.0,1836.3
1691109492422,-2685.0,1836.3
1691109492422,-2677.0,1836.3
1691109492422,-3694.0,1836.3
1691109492424,-10.0,1836.3
1691109492425,-2000.0,1836.3
1691109492426,-2000.0,1836.3
1691109492427,-1867.0,1836.3
1691109495667,-660.0,1836.1
1691109495667,-1005.0,1836.1
1691109495667,-30.0,1836.1
1691109495672,-10000.0,1836.05
1691109541387,-2227.0,1835.6
1691109541387,-911.0,1835.6
1691109541387,-685.0,1835.6
1691109610162,-60.0,1835.3
1691109610162,-557.0,1835.3
1691109610165,-10000.0,1835.25
1691109660309,2547.0,1835.05
1691109660309,1210.0,1835.05
1691109660309,2537.0,1835.05
1691109704870,-2.0,1835.65
1691109787011,8.0,1835.7
1691109790738,8.0,1835.7
1691109792144,8.0,1835.7
1691109794003,8.0,1835.7
1691109795525,8.0,1835.7
1691109796581,8.0,1835.7
1691109797880,8.0,1835.7
1691109800026,8.0,1835.7
1691109801762,8.0,1835.7
1691109802982,8.0,1835.7
1691109804132,8.0,1835.7
1691109805467,8.0,1835.7
1691109806982,8.0,1835.7
1691109808537,8.0,1835.7
1691109809857,8.0,1835.7
1691109811091,8.0,1835.7
1691109812110,8.0,1835.7
1691109813248,8.0,1835.7
1691109814399,8.0,1835.7
1691109815423,8.0,1835.7
1691109820044,327.0,1835.7
1691109820044,993.0,1835.7
1691109820058,2236.0,1835.7
1691109820058,1037.0,1835.7
1691109820058,1159.0,1835.7
1691109820063,1508.0,1835.7
1691109820082,808.0,1835.85
1691109824661,8.0,1836.25
1691109856636,8.0,1836.25
1691109857807,8.0,1836.25
1691109859083,8.0,1836.25
1691109860141,8.0,1836.25
1691109861295,8.0,1836.25
1691109862385,8.0,1836.25
1691109863433,8.0,1836.25
1691109864665,8.0,1836.25
1691109901830,8.0,1836.25
1691109903017,8.0,1836.25
1691109904433,8.0,1836.25
1691109905736,8.0,1836.25
1691109906830,8.0,1836.25
1691109907966,8.0,1836.25
1691109909274,8.0,1836.25
1691109910424,8.0,1836.25
1691109911977,8.0,1836.25
1691109913224,8.0,1836.25
1691109914305,8.0,1836.25
1691109915546,8.0,1836.25
1691109916840,8.0,1836.25
1691109932831,8.0,1836.25
1691109934256,8.0,1836.25
1691109936901,8.0,1836.25
1691109939099,8.0,1836.25
1691109947137,8.0,1836.25
1691109949418,8.0,1836.25
1691109951248,8.0,1836.25
1691109961346,8.0,1836.25
1691109979307,8.0,1836.25
1691109981238,8.0,1836.25
1691109982487,8.0,1836.25
1691109983527,8.0,1836.25
1691109983727,-112.0,1836.2
1691109984799,8.0,1836.15
1691109986016,8.0,1836.15
1691109987253,8.0,1836.15
1691109988791,8.0,1836.15
1691109989986,8.0,1836.15
1691109991147,8.0,1836.15
1691109992270,8.0,1836.15
1691109993491,8.0,1836.15
1691110023964,8.0,1836.15
1691110026769,8.0,1836.15
1691110028084,8.0,1836.15
1691110029154,8.0,1836.15
1691110030406,8.0,1836.15
1691110031632,8.0,1836.15
1691110032860,8.0,1836.15
1691110034117,8.0,1836.15
1691110035239,8.0,1836.15
1691110036281,8.0,1836.15
1691110037326,8.0,1836.15
1691110038500,8.0,1836.15
1691110039650,8.0,1836.15
1691110040722,8.0,1836.15
1691110042218,8.0,1836.15
1691110043314,8.0,1836.15
1691110044665,8.0,1836.15
1691110045862,8.0,1836.15
1691110049119,8.0,1836.15
1691110051615,8.0,1836.15
1691110053013,8.0,1836.15
1691110054293,8.0,1836.15
1691110055315,8.0,1836.15
1691110056493,8.0,1836.15
1691110057594,8.0,1836.15
1691110058859,8.0,1836.15
1691110060125,8.0,1836.15
1691110061361,8.0,1836.15
1691110062547,8.0,1836.15
1691110063754,8.0,1836.15
1691110064811,8.0,1836.15
1691110066130,8.0,1836.15
1691110067446,8.0,1836.15
1691110068907,8.0,1836.15
1691110070261,8.0,1836.15
1691110071642,8.0,1836.15
1691110073443,8.0,1836.15
1691110074809,8.0,1836.15
1691110076865,8.0,1836.15
1691110078183,8.0,1836.15
1691110079428,8.0,1836.15
1691110304888,-1.0,1836.1
1691110424608,1217.0,1836.15
1691110424608,978.0,1836.15
1691110424608,2541.0,1836.15
1691110431381,8.0,1836.2
1691110435575,8.0,1836.2
1691110436977,8.0,1836.2
1691110438027,6.0,1836.2
1691110438027,2.0,1836.2
1691110439170,8.0,1836.2
1691110440263,8.0,1836.5
1691110441424,8.0,1836.5
1691110442501,8.0,1836.5
1691110443628,8.0,1836.5
1691110444827,8.0,1836.5
1691110445930,8.0,1836.5
1691110447273,8.0,1836.5
1691110449143,8.0,1836.5
1691110450825,8.0,1836.5
1691110453412,8.0,1836.5
1691110459873,59.0,1836.7
1691110459873,1537.0,1836.7
1691110459873,810.0,1836.7
1691110459875,1043.0,1836.8
1691110459888,5071.0,1836.8
1691110459888,32.0,1836.85
1691110459903,16.0,1837.0
1691110459903,1521.0,1837.05
1691110459935,1954.0,1837.1
1691110459955,1250.0,1837.1
1691110465025,8.0,1837.25
1691110504646,7.0,1837.45
1691110504646,1.0,1837.45
1691110505812,8.0,1837.45
1691110507047,8.0,1837.45
1691110508434,8.0,1837.45
1691110509672,8.0,1837.45
1691110511072,8.0,1837.45
1691110512214,8.0,1837.45
1691110515884,735.0,1837.45
1691110515884,1133.0,1837.45
1691110515884,15.0,1837.45
1691110515896,141.0,1837.45
1691110515944,1275.0,1837.75
1691110515944,782.0,1837.6
1691110522210,3230.0,1837.75
1691110545967,8.0,1837.75
1691110547163,8.0,1837.75
1691110548239,8.0,1837.75
1691110549618,8.0,1837.75
1691110550898,8.0,1837.75
1691110551938,8.0,1837.75
1691110620024,10.0,1837.75
1691110620024,50.0,1837.75
1691110620024,1077.0,1837.75
1691110620024,151.0,1837.75
1691110620024,1042.0,1837.75
1691110620024,840.0,1837.75
1691110620024,156.0,1837.75
1691110694612,8.0,1837.95
1691110697947,7.0,1837.95
1691110697947,1.0,1837.95
1691110699159,8.0,1837.95
1691110701179,8.0,1837.95
1691110702666,8.0,1837.95
1691110703746,8.0,1837.95
1691110704939,8.0,1837.95
1691110706191,8.0,1837.95
1691110707601,8.0,1837.95
1691110711045,8.0,1837.95
1691110731486,44.0,1837.95
1691110731486,953.0,1837.95
1691110731486,143.0,1837.95
1691110731486,90.0,1837.95
1691110735838,10.0,1837.95
1691110735838,49.0,1837.95
1691110735838,6.0,1837.95
1691110736357,8.0,1838.0
1691110739312,8.0,1838.0
1691110739674,8.0,1838.35
1691110742253,8.0,1838.35
1691110745985,8.0,1838.35
1691110749413,3375.0,1838.35
1691110749413,15.0,1838.35
1691110750344,8.0,1838.35
1691110751409,8.0,1838.35
1691110752476,8.0,1838.35
1691110754033,8.0,1838.35
1691110755322,8.0,1838.35
1691110756482,8.0,1838.35
1691110757682,8.0,1838.35
1691110758855,8.0,1838.35
1691110760104,8.0,1838.35
1691110761414,8.0,1838.35
1691110764080,8.0,1838.35
1691110765304,8.0,1838.35
1691110766394,8.0,1838.35
1691110767865,8.0,1838.35
1691110769485,8.0,1838.35
1691110771147,8.0,1838.35
1691110776640,8.0,1838.35
1691110783265,8.0,1838.35
1691110803382,-60.0,1838.3
1691110803382,-7515.0,1838.3
1691110803382,-2033.0,1838.3
1691110904844,-3.0,1838.05
1691110976272,-630.0,1838.05
1691110976272,-927.0,1838.05
1691110976272,-10000.0,1838.05
1691110976272,-2753.0,1838.05
1691110976341,-2896.0,1837.9
1691110976431,-794.0,1837.65
1691110976431,-184.0,1837.65
1691110976431,-10000.0,1837.65
1691111046439,-30.0,1837.4
1691111046439,-7444.0,1837.4
1691111046465,-10000.0,1837.35
1691111058327,-36.0,1837.15
1691111061328,-16.0,1837.0
1691111061497,-4768.0,1836.95
1691111079308,8.0,1836.55
1691111080418,8.0,1836.55
1691111081501,8.0,1836.55
1691111082520,8.0,1836.55
1691111083621,8.0,1836.55
1691111084745,8.0,1836.55
1691111085930,8.0,1836.55
1691111087054,8.0,1836.55
1691111088189,8.0,1836.55
1691111089308,8.0,1836.55
1691111090517,8.0,1836.55
1691111091655,8.0,1836.55
1691111092792,8.0,1836.55
1691111093914,8.0,1836.55
1691111095027,8.0,1836.55
1691111096138,8.0,1836.55
1691111097296,8.0,1836.55
1691111098498,8.0,1836.55
1691111101395,8.0,1836.55
1691111102499,8.0,1836.55
1691111103582,8.0,1836.55
1691111104603,8.0,1836.55
1691111171417,-814.0,1836.5
1691111171417,-3927.0,1836.5
1691111171441,-6475.0,1836.45
1691111172095,-3546.0,1836.4
1691111172095,-7479.0,1836.4
1691111183778,-66.0,1836.2
1691111183778,-63.0,1836.2
1691111190993,-1108.0,1836.05
1691111190993,-98.0,1836.05
1691111191010,-16.0,1836.0
1691111212279,-3548.0,1835.85
1691111214700,8.0,1835.75
1691111215854,8.0,1835.75
1691111217110,8.0,1835.75
1691111218289,8.0,1835.75
1691111219407,8.0,1835.7
1691111220691,8.0,1835.7
1691111222129,8.0,1835.6
1691111223515,8.0,1835.6
1691111224607,8.0,1835.6
1691111225793,8.0,1835.6
1691111226995,8.0,1835.6
1691111228213,8.0,1835.6
1691111229223,8.0,1835.6
1691111230435,8.0,1835.6
1691111231622,8.0,1835.6
1691111232910,8.0,1835.6
1691111234131,8.0,1835.6
1691111235170,8.0,1835.6
1691111236521,8.0,1835.6
1691111237580,8.0,1835.6
1691111238693,8.0,1835.6
1691111239980,8.0,1835.6
1691111241004,8.0,1835.6
1691111343240,11025.0,1835.55
1691111343243,2000.0,1835.55
1691111343245,1551.0,1835.55
1691111343248,160.0,1835.55
1691111343258,1352.0,1835.55
1691111343261,7949.0,1835.55
1691111343264,17126.0,1835.55
1691111343264,1206.0,1835.55
1691111343268,672.0,1835.55
1691111343271,1543.0,1835.55
1691111343272,5416.0,1835.55
1691111343272,929.0,1835.55
1691111343272,480.0,1835.55
1691111343272,781.0,1835.55
1691111343272,323.0,1835.55
1691111343272,1167.0,1835.55
1691111343272,329.0,1835.55
1691111343272,323.0,1835.55
1691111343272,321.0,1835.55
1691111343298,918.0,1835.6
1691111421605,-72.0,1835.85
1691111423182,-1511.0,1835.75
1691111462410,72.0,1835.55
1691111462412,1070.0,1835.55
1691111462412,60.0,1835.55
1691111476289,328.0,1836.05
1691111476289,808.0,1836.05
1691111476366,516.0,1836.05
1691111476603,1.0,1836.25
1691111492262,27.0,1836.4
1691111505179,2.0,1836.8
1691111548700,-769.0,1836.75
1691111548702,-10.0,1836.75
1691111557776,-9208.0,1836.75
1691111557776,-1509.0,1836.75
1691111557776,-1085.0,1836.75
1691111557778,-10.0,1836.75
1691111557787,-125.0,1836.75
1691111557787,-426.0,1836.75
1691111559977,-160.0,1836.65
1691111559977,-622.0,1836.75
1691111563411,-5727.0,1836.65
1691111563423,-799.0,1836.4
1691111741409,999.0,1836.15
1691111741409,801.0,1836.15
1691111741409,22.0,1836.15
1691111741409,1017.0,1836.15
1691111912670,-1050.0,1836.95
1691111912670,-1520.0,1836.95
1691111912670,-1520.0,1836.95
1691111912670,-2275.0,1836.95
1691111912670,-627.0,1836.95
1691111912670,-1078.0,1836.95
1691111912673,-10.0,1836.95
1691111912678,-705.0,1836.95
1691111912678,-1066.0,1836.95
1691111912678,-8709.0,1836.95
1691111936003,-123.0,1836.55
1691111936003,-1063.0,1836.55
1691111936003,-2890.0,1836.55
1691112221004,-477.0,1836.55
1691112221006,-1405.0,1836.55
1691112221006,-595.0,1836.55
1691112221007,-10.0,1836.55
1691112221008,-2000.0,1836.55
1691112221009,-2000.0,1836.55
1691112221010,-2000.0,1836.55
1691112221010,-2000.0,1836.55
1691112221013,-1083.0,1836.55
1691112221013,-917.0,1836.55
1691112221018,-323.0,1836.55
1691112235462,-11.0,1836.35
1691112235462,-760.0,1836.35
1691112235465,-10.0,1836.35
1691112240513,-2083.0,1836.25
1691112240513,-584.0,1836.25
1691112240518,-1.0,1836.2
1691112240518,-189.0,1836.2
1691112362159,-470.0,1836.0
1691112362159,-267.0,1836.0
1691112362159,-34.0,1836.0
1691112365599,-457.0,1836.0
1691112365599,-343.0,1836.0
1691112366165,-435.0,1836.0
1691112366165,-199.0,1836.0
1691112366165,-137.0,1836.0
1691112371196,-160.0,1835.9
1691112371196,-5792.0,1835.9
1691112371196,-4049.0,1835.9
1691112371228,-44.0,1835.9
1691112371586,-2.0,1835.5
1691112371680,-27.0,1835.4
1691112376559,102.0,1835.05
1691112427365,8.0,1835.05
1691112428496,8.0,1835.05
1691112429722,8.0,1835.05
1691112430952,8.0,1835.05
1691112432203,8.0,1835.05
1691112433413,8.0,1835.05
1691112434764,8.0,1835.05
1691112436136,8.0,1835.05
1691112437277,8.0,1835.05
1691112438424,8.0,1835.05
1691112439730,8.0,1835.05
1691112440903,8.0,1835.05
1691112442173,8.0,1835.05
1691112442655,-7572.0,1834.95
1691112442655,-35.0,1835.0
1691112442655,-16.0,1835.0
1691112442655,-447.0,1835.0
1691112442659,-2428.0,1834.95
1691112442667,-7510.0,1834.9
1691112442683,-800.0,1834.7
1691112443276,8.0,1834.75
1691112455869,8.0,1834.75
1691112457021,8.0,1834.75
1691112458231,8.0,1834.75
1691112459273,8.0,1834.75
1691112460082,1957.0,1834.75
1691112460082,1216.0,1834.75
1691112460082,6308.0,1834.75
1691112460082,1227.0,1834.75
1691112460082,1290.0,1834.75
1691112460082,808.0,1834.75
1691112460082,867.0,1834.75
1691112460430,8.0,1834.95
1691112461572,8.0,1834.95
1691112462729,8.0,1834.95
1691112463990,8.0,1834.95
1691112465089,8.0,1834.95
1691112466859,8.0,1834.95
1691112469053,8.0,1834.95
1691112470242,8.0,1834.95
1691112471277,8.0,1834.95
1691112522464,1041.0,1834.95
1691112522464,801.0,1834.95
1691112522464,758.0,1834.95
1691112522466,1959.0,1834.95
1691112522469,30.0,1835.1
1691112653892,849.0,1835.2
1691112653892,30.0,1835.2
1691112654244,4728.0,1835.35
1691112660859,6461.0,1835.65
1691112661127,5.0,1835.75
1691112704809,1.0,1835.9
1691112721954,496.0,1835.9
1691112721954,1977.0,1835.9
1691112721957,817.0,1835.95
1691112722188,16.0,1836.0
1691112722471,991.0,1836.1
1691112729124,27.0,1836.2
1691112731785,2950.0,1836.3
1691112844605,754.0,1836.45
1691112844605,530.0,1836.45
1691112844605,4000.0,1836.45
1691112844605,16.0,1836.45
1691112844605,3069.0,1836.5
1691112925327,7472.0,1836.6
1691112925607,5492.0,1836.85
1691112925607,58.0,1836.85
1691112926223,16.0,1837.0
1691112926228,3510.0,1837.1
1691112926233,714.0,1837.1
1691112926363,3286.0,1837.1
1691112931640,2830.0,1837.2
1691112935025,482.0,1837.2
1691112947011,2830.0,1837.2
1691112960211,2755.0,1837.2
1691112979958,53.0,1837.2
1691112988532,482.0,1837.2
1691112998910,513.0,1837.2
1691112998910,384.0,1837.2
1691112998910,513.0,1837.2
1691112998910,702.0,1837.2
1691112998910,944.0,1837.2
1691112998913,3056.0,1837.2
1691113014632,482.0,1837.5
1691113015730,433.0,1837.5
1691113015730,9.0,1837.5
1691113015730,40.0,1837.5
1691113020670,471.0,1837.5
1691113020670,11.0,1837.5
1691113021501,482.0,1837.5
1691113023394,30.0,1837.5
1691113031265,482.0,1837.5
1691113082185,107.0,1837.5
1691113095073,53.0,1837.5
1691113105099,107.0,1837.5
1691113110075,54.0,1837.5
1691113115072,161.0,1837.5
1691113125072,107.0,1837.5
1691113133093,1462.0,1837.5
1691113133093,3518.0,1837.5
1691113165673,-5173.0,1837.45
1691113165673,-204.0,1837.45
1691113165673,-1775.0,1837.45
1691113165673,-918.0,1837.45
1691113165723,-16997.0,1837.45
1691113165726,-2000.0,1837.45
1691113165728,-2000.0,1837.45
1691113165731,-1989.0,1837.45
1691113165762,-2854.0,1837.45
1691113165825,-790.0,1837.45
1691113165825,-1159.0,1837.45
1691113165825,-1571.0,1837.45
1691113165825,-2237.0,1837.45
1691113165825,-1161.0,1837.45
1691113165825,-2825.0,1837.4
1691113165917,90.0,1837.2
1691113198986,40.0,1837.2
1691113198986,3145.0,1837.2
1691113198986,774.0,1837.2
1691113198986,2281.0,1837.2
1691113225905,752.0,1837.2
1691113225905,393.0,1837.2
1691113225920,801.0,1837.3
1691113225944,5000.0,1837.45
1691113226387,3600.0,1837.6
1691113233711,8.0,1837.6
1691113235100,8.0,1837.6
1691113236262,8.0,1837.6
1691113237485,8.0,1837.6
1691113238758,8.0,1837.6
1691113239973,8.0,1837.6
1691113241160,8.0,1837.6
1691113242246,8.0,1837.6
1691113243595,8.0,1837.6
1691113244814,8.0,1837.6
1691113245866,8.0,1837.6
1691113262203,214.0,1837.6
1691113275077,107.0,1837.6
1691113282487,8.0,1837.6
1691113285102,161.0,1837.6
1691113285505,8.0,1837.6
1691113286559,8.0,1837.6
1691113287577,8.0,1837.6
1691113288598,8.0,1837.6
1691113289732,8.0,1837.6
1691113290110,107.0,1837.6
1691113291002,8.0,1837.6
1691113292373,8.0,1837.6
1691113293614,8.0,1837.6
1691113294902,8.0,1837.6
1691113295069,214.0,1837.6
1691113296467,8.0,1837.6
1691113297735,8.0,1837.6
1691113299218,8.0,1837.6
1691113300514,8.0,1837.6
1691113302139,8.0,1837.6
1691113304943,-3.0,1837.55
1691113311499,8.0,1837.6
1691113313129,8.0,1837.6
1691113314704,8.0,1837.6
1691113334127,-1093.0,1837.55
1691113334127,-698.0,1837.55
1691113334165,-5853.0,1837.55
1691113334173,-978.0,1837.55
1691113334173,-1297.0,1837.55
1691113334173,-981.0,1837.55
1691113334173,-410.0,1837.55
1691113334173,-980.0,1837.55
1691113343557,-634.0,1837.35
1691113343557,-2022.0,1837.35
1691113351133,8.0,1837.05
1691113352502,8.0,1837.05
1691113353746,8.0,1837.05
1691113354867,8.0,1837.05
1691113355991,8.0,1837.05
1691113357122,8.0,1837.05
1691113358682,8.0,1837.05
1691113359996,8.0,1837.05
1691113361222,8.0,1837.05
1691113362537,8.0,1837.05
1691113363722,8.0,1837.05
1691113365012,8.0,1837.05
1691113366241,8.0,1837.05
1691113367483,8.0,1837.05
1691113368669,8.0,1837.05
1691113370097,8.0,1837.05
1691113371458,8.0,1837.05
1691113372888,8.0,1837.05
1691113374543,8.0,1837.05
1691113376060,8.0,1837.05
1691113377515,8.0,1837.05
1691113556155,380.0,1837.6
1691113556155,30.0,1837.2
1691113556155,30.0,1837.4
1691113556155,2184.0,1837.6
1691113608527,8.0,1837.7
1691113609804,8.0,1837.7
1691113611051,8.0,1837.7
1691113612418,8.0,1837.7
1691113613529,8.0,1837.7
1691113614702,8.0,1837.7
1691113616114,8.0,1837.7
1691113617620,8.0,1837.7
1691113617988,-1502.0,1837.65
1691113617988,-70.0,1837.65
1691113617988,-470.0,1837.65
1691113617988,-648.0,1837.65
1691113617988,-649.0,1837.65
1691113617988,-771.0,1837.65
1691113618660,8.0,1837.7
1691113619737,8.0,1837.7
1691113621198,8.0,1837.7
1691113622310,8.0,1837.7
1691113623760,8.0,1837.7
1691113625088,8.0,1837.7
1691113626113,8.0,1837.7
1691113627578,8.0,1837.7
1691113628735,8.0,1837.7
1691113629903,8.0,1837.7
1691113631134,8.0,1837.7
1691113632291,8.0,1837.7
1691113633737,8.0,1837.7
1691113634972,8.0,1837.7
1691113636148,8.0,1837.7
1691113637214,8.0,1837.7
1691113638283,8.0,1837.7
1691113639554,8.0,1837.7
1691113640641,8.0,1837.7
1691113641798,8.0,1837.7
1691113643085,8.0,1837.7
1691113644263,8.0,1837.7
1691113645379,8.0,1837.7
1691113646437,8.0,1837.7
1691113664865,-234.0,1837.65
1691113664886,-515.0,1837.65
1691113664886,-276.0,1837.65
1691113665143,-345.0,1837.65
1691113665143,-470.0,1837.65
1691113665151,-460.0,1837.65
1691113665151,-915.0,1837.65
1691113665151,-309.0,1837.65
1691113665151,-2480.0,1837.65
1691113665558,440.0,1837.65
1691113666120,-170.0,1837.6
1691113666177,-610.0,1837.6
1691113666183,-1716.0,1837.6
1691113669165,-138.0,1837.6
1691113669204,-816.0,1837.6
1691113669208,-144.0,1837.6
1691113669209,-2571.0,1837.6
1691113669209,-127.0,1837.6
1691113669257,-613.0,1837.55
1691113707701,-7535.0,1836.95
1691113707701,-6812.0,1836.95
1691113707701,-653.0,1836.95
1691113707703,-2465.0,1836.95
1691113707727,-492.0,1836.8
1691113725473,-798.0,1836.5
1691113725476,-2056.0,1836.5
1691113725481,-698.0,1836.5
1691113725481,-101.0,1836.5
1691113725736,-356.0,1836.35
1691113727247,-789.0,1836.35
1691113728062,-5899.0,1836.35
1691113728092,-32.0,1836.15
1691113728230,-59.0,1836.0
1691113728230,-16.0,1836.0
1691113806561,-444.0,1835.65
1691113806867,-194.0,1835.65
1691113806867,-25.0,1835.65
1691113806867,-570.0,1835.65
1691113808199,-793.0,1835.65
1691113808202,-798.0,1835.65
1691113808203,-814.0,1835.65
1691113808205,-641.0,1835.65
1691113808227,-791.0,1835.65
1691113808248,-3083.0,1835.65
1691113808368,-10000.0,1835.55
1691113833260,-260.0,1835.5
1691113833260,-10.0,1835.5
1691113833264,-815.0,1835.5
1691113833268,-404.0,1835.5
1691113833269,-8900.0,1835.5
1691113833271,-810.0,1835.45
1691113833275,-3600.0,1835.45
1691113833284,-798.0,1835.45
1691113833286,-798.0,1835.45
1691113833302,-278.0,1835.45
1691113836422,-73.0,1835.2
1691113843386,283.0,1835.1
1691113843386,4760.0,1835.1
1691113843386,1704.0,1835.1
1691113843393,5569.0,1835.1
1691113864688,8070.0,1835.1
1691113864693,9958.0,1835.1
1691113864696,10.0,1835.1
1691113864698,2000.0,1835.1
1691113864699,2000.0,1835.1
1691113864701,2000.0,1835.1
1691113864704,2000.0,1835.1
1691113864710,2000.0,1835.1
1691113864712,2000.0,1835.1
1691113864714,2000.0,1835.1
1691113864810,214.0,1835.1
1691113864867,4848.0,1835.1
1691113864869,2000.0,1835.1
1691113877465,887.0,1835.25
1691113877465,7183.0,1835.25
1691113877467,4854.0,1835.25
1691113877469,4557.0,1835.25
1691113877470,4555.0,1835.25
1691113877482,1086.0,1835.25
1691113877491,11623.0,1835.25
1691113877506,3647.0,1835.25
1691113877507,11025.0,1835.25
1691113877508,10.0,1835.25
1691113904857,4.0,1835.6
1691113929611,272.0,1835.6
1691113971570,8.0,1835.9
1691113998439,8.0,1835.9
1691114036206,8.0,1835.9
1691114038117,2.0,1835.9
1691114038117,6.0,1835.9
1691114039250,8.0,1835.9
1691114040400,8.0,1835.9
1691114041411,8.0,1835.9
1691114042477,4.0,1835.9
1691114042477,4.0,1835.9
1691114044153,8.0,1835.9
1691114045529,8.0,1835.9
1691114046662,8.0,1835.9
1691114047797,8.0,1835.9
1691114049231,8.0,1835.9
1691114050471,8.0,1835.9
1691114051830,8.0,1835.9
1691114053265,8.0,1835.9
1691114054766,8.0,1835.9
1691114056477,8.0,1835.9
1691114057946,8.0,1835.9
1691114059461,8.0,1835.9
1691114060594,8.0,1835.9
1691114061719,8.0,1835.9
1691114063020,8.0,1835.9
1691114064317,8.0,1835.9
1691114065596,8.0,1835.9
1691114067166,8.0,1835.9
1691114068520,8.0,1835.9
1691114070425,8.0,1835.9
1691114071831,8.0,1835.9
1691114073109,8.0,1835.9
1691114074191,8.0,1835.9
1691114076359,8.0,1835.9
1691114077830,8.0,1835.9
1691114078979,8.0,1835.9
1691114080151,8.0,1835.9
1691114081228,8.0,1835.9
1691114082464,8.0,1835.9
1691114083915,8.0,1835.9
1691114122570,50.0,1835.9
1691114122570,868.0,1835.9
1691114206468,6.0,1836.2
1691114206468,2.0,1836.2
1691114274495,-1599.0,1836.15
1691114274497,-2000.0,1836.15
1691114274501,-2000.0,1836.15
1691114274503,-2000.0,1836.15
1691114274504,-2000.0,1836.15
1691114274509,-11025.0,1836.15
1691114274511,-2000.0,1836.15
1691114274529,-5953.0,1836.15
1691114274563,-9051.0,1836.15
1691114274563,-1610.0,1836.15
1691114274564,-918.0,1836.15
1691114274566,-280.0,1836.15
1691114274566,-533.0,1836.15
1691114274568,-2000.0,1836.15
1691114274569,-1234.0,1836.15
1691114274569,-766.0,1836.15
1691114274570,-210.0,1836.15
1691114274570,-1790.0,1836.15
1691114274576,-2804.0,1836.15
1691114274576,-3015.0,1836.15
1691114274579,-342.0,1836.1
1691114274579,-7241.0,1836.1
1691114424309,6969.0,1835.65
1691114424309,114.0,1835.65
1691114424309,16.0,1835.65
1691114424309,23.0,1835.65
1691114424309,948.0,1835.65
1691114424312,2000.0,1835.65
1691114424314,10.0,1835.65
1691114424316,2000.0,1835.65
1691114424318,2000.0,1835.65
1691114424319,2000.0,1835.65
1691114424336,23046.0,1835.65
1691114424337,2000.0,1835.65
1691114480829,17.0,1836.4
1691114504960,-2.0,1836.55
1691114555092,1991.0,1836.6
1691114555092,5909.0,1836.6
1691114555092,897.0,1836.6
1691114555092,23193.0,1836.6
1691114555092,3145.0,1836.6
1691114555092,774.0,1836.6
1691114602997,-939.0,1836.8
1691114602997,-7396.0,1836.8
1691114602997,-936.0,1836.8
1691114602997,-833.0,1836.8
1691114602997,-921.0,1836.8
1691114603070,-790.0,1836.8
1691114603072,-2000.0,1836.8
1691114603073,-2000.0,1836.8
1691114603076,-2000.0,1836.8
1691114603077,-2000.0,1836.8
1691114603095,-866.0,1836.8
1691114603098,-2000.0,1836.8
1691114603252,-259.0,1836.8
1691114603252,-438.0,1836.8
1691114603252,-931.0,1836.8
1691114645459,-817.0,1836.6
1691114645466,-360.0,1836.6
1691114645468,-789.0,1836.6
1691114645500,-551.0,1836.6
1691114645522,-241.0,1836.6
1691114645530,-569.0,1836.6
1691114645566,-11025.0,1836.6
1691114645589,-801.0,1836.6
1691114645754,-584.0,1836.6
1691114645847,-583.0,1836.6
1691114646066,-11025.0,1836.6
1691114646933,-11025.0,1836.6
1691114656157,774.0,1836.65
1691114656158,781.0,1836.65
1691114656158,814.0,1836.65
1691114656158,2450.0,1836.65
1691114807448,-725.0,1836.9
1691114807448,-365.0,1836.9
1691114807448,-719.0,1836.9
1691114807448,-19149.0,1836.9
1691114807448,-450.0,1836.9
1691114807448,-4798.0,1836.9
1691114807448,-9465.0,1836.9
1691114807448,-935.0,1836.9
1691114807583,-774.0,1836.7
1691114807583,-25.0,1836.7
1691114807597,-15448.0,1836.7
1691114807635,-444.0,1836.7
1691114807685,-797.0,1836.6
1691114807687,-804.0,1836.6
1691114807697,-178.0,1836.6
1691114807710,-808.0,1836.6
1691114807714,-11025.0,1836.6
1691114807715,-786.0,1836.6
1691114807717,-720.0,1836.6
1691114807723,-88.0,1836.6
1691114807725,-800.0,1836.6
1691114807731,-551.0,1836.6
1691114807734,-808.0,1836.6
1691114807740,-760.0,1836.6
1691114807746,-807.0,1836.6
1691114807752,-791.0,1836.6
1691114807758,-787.0,1836.6
1691114807801,-810.0,1836.6
1691114807805,-797.0,1836.6
1691114807807,-789.0,1836.6
1691114807810,-387.0,1836.6
1691114807963,-808.0,1836.6
1691114807975,-216.0,1836.6
1691114807978,-790.0,1836.6
1691114808001,-123.0,1836.6
1691114808023,-304.0,1836.6
1691114808545,-11025.0,1836.6
1691114810071,-292.0,1836.6
1691114810216,-788.0,1836.6
1691114810316,-11025.0,1836.6
1691114810320,-799.0,1836.6
1691114810331,-734.0,1836.6
1691114810332,-804.0,1836.6
1691114810335,-810.0,1836.6
1691114810373,-771.0,1836.6
1691114810744,-638.0,1836.6
1691114810749,-27156.0,1836.6
1691114810750,-11025.0,1836.6
1691114810751,-1562.0,1836.6
1691114810753,-5035.0,1836.6
1691114810755,-8304.0,1836.6
1691114810757,-1626.0,1836.6
1691114810761,-17.0,1836.6
1691114813183,-11025.0,1836.6
1691114815256,-11025.0,1836.6
1691114820197,-809.0,1836.6
1691114822671,-283.0,1836.6
1691114824350,-797.0,1836.6
1691114845190,-498.0,1836.6
1691114845261,-11025.0,1836.6
1691114845461,-11025.0,1836.6
1691114847236,-551.0,1836.6
1691114847260,-11025.0,1836.6
1691114847273,-772.0,1836.6
1691114848171,-805.0,1836.6
1691114848270,-746.0,1836.6
1691114848318,-830.0,1836.6
1691114848439,-780.0,1836.6
1691114848450,-810.0,1836.6
1691114848454,-791.0,1836.6
1691114848469,-11025.0,1836.6
1691114848474,-13900.0,1836.6
1691114848483,-791.0,1836.6
1691114848490,-812.0,1836.6
1691114848523,-785.0,1836.6
1691114848543,-818.0,1836.6
1691114848588,-82.0,1836.6
1691114848826,-194.0,1836.6
1691114848828,-143.0,1836.6
1691114848829,-195.0,1836.6
1691114848830,-195.0,1836.6
1691114849657,-11025.0,1836.6
1691114849824,-11025.0,1836.6
1691114849876,-5000.0,1836.6
1691114850446,-468.0,1836.6
1691114850447,-401.0,1836.6
1691114852536,-799.0,1836.6
1691114852540,-17544.0,1836.6
1691114852542,-366.0,1836.6
1691114852543,-275.0,1836.6
1691114852557,-811.0,1836.6
1691114853111,-882.0,1836.6
1691114853904,-128.0,1836.6
1691114853952,-11025.0,1836.6
1691114854133,-11025.0,1836.6
1691114855025,-919.0,1836.6
1691114855124,-807.0,1836.6
1691114855256,-11025.0,1836.6
1691114855740,-800.0,1836.6
1691114858106,-367.0,1836.6
1691114858665,-184.0,1836.6
1691114862269,-293.0,1836.6
1691114862485,-805.0,1836.6
1691114862488,-799.0,1836.6
1691114862666,-790.0,1836.6
1691114865256,-11025.0,1836.6
1691114866134,-165.0,1836.6
1691114866450,-797.0,1836.6
1691114866878,-581.0,1836.6
1691114866880,-1469.0,1836.6
1691114868556,-194.0,1836.6
1691114869177,-749.0,1836.6
1691114869339,-800.0,1836.6
1691114871217,-819.0,1836.6
1691114871218,-799.0,1836.6
1691114871355,-10001.0,1836.6
1691114871356,-2555.0,1836.6
1691114871357,-31714.0,1836.6
1691114871358,-2741.0,1836.6
1691114871363,-182.0,1836.6
1691114871364,-183.0,1836.6
1691114871366,-527.0,1836.6
1691114871371,-790.0,1836.6
1691114871378,-639.0,1836.6
1691114871459,-552.0,1836.6
1691114871655,-1222.0,1836.6
1691114871658,-10000.0,1836.6
1691114871893,-606.0,1836.6
1691114871897,-811.0,1836.6
1691114872214,-20679.0,1836.6
1691114872464,-588.0,1836.6
1691114872521,-278.0,1836.6
1691114872795,-2341.0,1836.6
1691114873232,-2159.0,1836.6
1691114873403,-9891.0,1836.6
1691114873856,-5000.0,1836.6
1691114875257,-11025.0,1836.6
1691114876497,-790.0,1836.6
1691114878161,-830.0,1836.6
1691114878909,-801.0,1836.6
1691114879962,-911.0,1836.6
1691114879962,-3373.0,1836.6
1691114879962,-716.0,1836.6
1691114880220,-790.0,1836.6
1691114882588,-799.0,1836.6
1691114882589,-709.0,1836.6
1691114882589,-227.0,1836.6
1691114882589,-1041.0,1836.6
1691114882640,-819.0,1836.3
1691114897141,-799.0,1835.85
1691114902735,-10.0,1835.7
1691114902735,-619.0,1835.7
1691114905946,-739.0,1835.65
1691114905954,-179.0,1835.65
1691114905954,-624.0,1835.65
1691114905987,-789.0,1835.6
1691114906684,-459.0,1835.6
1691114906686,-183.0,1835.55
1691114922438,-759.0,1835.2
1691114922438,-30.0,1835.2
1691114925675,-2755.0,1835.2
1691114925675,-713.0,1835.2
1691114925694,-24.0,1835.05
1691114925831,-16.0,1835.0
1691114929154,-799.0,1834.75
1691114974811,605.0,1834.8
1691114974811,1227.0,1834.8
1691114974811,8126.0,1834.8
1691114974811,155.0,1834.8
1691114974811,912.0,1834.8
1691114974864,11025.0,1834.8
1691114975257,11025.0,1834.8
1691114975260,2000.0,1834.8
1691114975261,10.0,1834.8
1691114975262,2000.0,1834.8
1691114975262,2000.0,1834.8
1691114980492,30.0,1834.8
1691115014216,-587.0,1834.95
1691115065238,605.0,1835.0
1691115065238,549.0,1835.0
1691115065238,801.0,1835.0
1691115065238,707.0,1835.0
1691115065238,449.0,1835.0
1691115065238,1299.0,1835.0
1691115065238,80.0,1835.0
1691115065238,30.0,1835.0
1691115065248,4328.0,1835.05
1691115089862,-550.0,1835.15
1691115090412,-734.0,1835.15
1691115090485,-797.0,1835.15
1691115090489,-450.0,1835.15
1691115090489,-100.0,1835.15
1691115090496,-798.0,1835.15
1691115092203,-808.0,1835.15
1691115092303,-267.0,1835.15
1691115092303,-522.0,1835.15
1691115092399,-309.0,1835.15
1691115092399,-475.0,1835.15
1691115092401,-1327.0,1835.15
1691115104967,3.0,1834.85
1691115137715,364.0,1834.85
1691115137715,805.0,1834.85
1691115137715,605.0,1834.85
1691115143096,8.0,1835.0
1691115144418,8.0,1835.0
1691115145462,8.0,1835.0
1691115146511,2.0,1835.2
1691115146511,6.0,1835.0
1691115148126,8.0,1835.2
1691115149539,8.0,1835.2
1691115150729,8.0,1835.2
1691115151816,8.0,1835.2
1691115153232,8.0,1835.2
1691115154417,8.0,1835.2
1691115155523,8.0,1835.2
1691115156578,8.0,1835.2
1691115157620,8.0,1835.2
1691115159145,8.0,1835.2
1691115160361,8.0,1835.2
1691115185574,-86.0,1835.15
1691115192245,-34.0,1835.15
1691115192245,-766.0,1835.15
1691115192260,-583.0,1835.15
1691115192265,-257.0,1835.15
1691115192282,-98.0,1835.15
1691115192282,-714.0,1835.15
1691115192284,-367.0,1835.15
1691115192287,-820.0,1835.15
1691115192290,-808.0,1835.15
1691115192301,-803.0,1835.15
1691115192303,-229.0,1835.15
1691115192316,-804.0,1835.15
1691115192343,-700.0,1835.15
1691115192345,-217.0,1835.1
1691115192345,-22.0,1835.15
1691115192345,-318.0,1835.05
1691115192345,-597.0,1835.15
1691115192349,-336.0,1835.05
1691115192488,-13.0,1834.75
1691115205953,8.0,1834.75
1691115207703,8.0,1834.75
1691115208769,8.0,1834.75
1691115209969,8.0,1834.75
1691115211094,8.0,1834.75
1691115212208,8.0,1834.75
1691115213473,8.0,1834.75
1691115214620,8.0,1834.75
1691115215840,8.0,1834.75
1691115217106,8.0,1834.75
1691115218158,8.0,1834.75
1691115219410,8.0,1834.75
1691115220672,8.0,1834.75
1691115221975,8.0,1834.75
1691115223125,8.0,1834.75
1691115224412,8.0,1834.75
1691115225808,8.0,1834.75
1691115227084,8.0,1834.75
1691115228315,8.0,1834.75
1691115229648,8.0,1834.75
1691115230667,8.0,1834.75
1691115231901,8.0,1834.75
1691115233172,8.0,1834.75
1691115234244,8.0,1834.75
1691115239275,589.0,1834.75
1691115240655,-10000.0,1834.85
1691115268818,-515.0,1834.85
1691115268913,-285.0,1834.85
1691115306118,8.0,1834.9
1691115307584,8.0,1834.9
1691115308816,8.0,1834.9
1691115309937,6.0,1834.9
1691115309937,2.0,1834.9
1691115311173,8.0,1834.9
1691115312192,8.0,1834.9
1691115313340,8.0,1834.9
1691115314458,8.0,1834.9
1691115315635,8.0,1834.9
1691115316718,8.0,1834.9
1691115317577,-752.0,1834.85
1691115317893,8.0,1834.9
1691115319017,8.0,1834.9
1691115320198,8.0,1834.9
1691115320330,-780.0,1834.85
1691115320384,-18.0,1834.85
1691115320384,-202.0,1834.8
1691115320805,-532.0,1834.8
1691115321025,-13.0,1834.7
1691115321026,-799.0,1834.5
1691115321366,8.0,1834.5
1691115322421,8.0,1834.4
1691115323671,8.0,1834.4
1691115324769,8.0,1834.4
1691115326014,8.0,1834.4
1691115327131,8.0,1834.4
1691115328171,8.0,1834.4
1691115329516,8.0,1834.4
1691115330648,8.0,1834.4
1691115331698,8.0,1834.4
1691115332873,8.0,1834.4
1691115334144,8.0,1834.4
1691115335266,8.0,1834.4
1691115336450,8.0,1834.4
1691115337716,8.0,1834.4
1691115338955,8.0,1834.4
1691115340190,8.0,1834.4
1691115341295,8.0,1834.4
1691115342489,8.0,1834.4
1691115343549,8.0,1834.4
1691115344991,8.0,1834.4
1691115437844,3132.0,1834.4
1691115437844,605.0,1834.4
1691115437846,3466.0,1834.4
1691115437847,2000.0,1834.4
1691115437848,251.0,1834.4
1691115437848,927.0,1834.4
1691115437848,1157.0,1834.4
1691115437848,7638.0,1834.4
1691115437848,14977.0,1834.4
1691115437899,4601.0,1834.6
1691115437899,30.0,1834.6
1691115437922,816.0,1834.65
1691115480224,7803.0,1835.0
1691115530432,774.0,1835.1
1691115530432,2.0,1835.1
1691115530432,1961.0,1835.1
1691115530432,8288.0,1835.1
1691115530676,925.0,1835.1
1691115648480,8921.0,1835.2
1691115648480,491.0,1835.2
1691115648485,4021.0,1835.2
1691115648485,765.0,1835.2
1691115648486,200.0,1835.2
1691115648544,814.0,1835.35
1691115669682,3453.0,1835.4
1691115669682,149.0,1835.4
1691115669682,789.0,1835.4
1691115669682,775.0,1835.4
1691115705063,-1.0,1835.45
1691115712011,-734.0,1835.45
1691115712011,-726.0,1835.45
1691115712011,-719.0,1835.45
1691115755200,-132.0,1835.0
1691115755200,-30.0,1835.0
1691115762002,-3496.0,1834.6
1691115766247,8.0,1834.6
1691115767351,8.0,1834.6
1691115768372,8.0,1834.6
1691115769413,8.0,1834.6
1691115770798,8.0,1834.6
1691115771838,8.0,1834.45
1691115772990,8.0,1834.45
1691115774227,8.0,1834.45
1691115775331,8.0,1834.45
1691115776380,8.0,1834.45
1691115777573,8.0,1834.45
1691115778888,8.0,1834.45
1691115779300,-799.0,1834.4
1691115779300,-4.0,1834.4
1691115779302,-2000.0,1834.4
1691115779304,-2000.0,1834.4
1691115779305,-2000.0,1834.4
1691115779307,-673.0,1834.4
1691115779313,-525.0,1834.4
1691115779320,-4053.0,1834.4
1691115779349,-1443.0,1834.35
1691115780123,8.0,1834.05
1691115781455,8.0,1834.05
1691115782821,8.0,1834.05
1691115783115,-10201.0,1834.0
1691115783115,-4783.0,1834.0
1691115783115,-16.0,1834.0
1691115783307,-329.0,1833.9
1691115783778,-599.0,1833.8
1691115783802,-3739.0,1833.8
1691115784118,8.0,1833.55
1691115785505,8.0,1833.55
1691115786913,8.0,1833.55
1691115788068,8.0,1833.55
1691115789115,8.0,1833.55
1691115790182,8.0,1833.55
1691115791443,8.0,1833.55
1691115792452,8.0,1833.55
1691115793530,8.0,1833.55
1691115793862,1520.0,1833.55
1691115793862,17.0,1833.55
1691115793862,919.0,1833.55
1691115793862,1076.0,1833.55
1691115793862,1520.0,1833.55
1691115794568,8.0,1833.55
1691115795612,8.0,1833.55
1691115796758,8.0,1833.55
1691115798030,8.0,1833.55
1691115798032,10.0,1833.55
1691115798034,2000.0,1833.55
1691115798036,2000.0,1833.55
1691115799157,8.0,1833.55
1691115800293,8.0,1833.55
1691115801471,8.0,1833.55
1691115802581,8.0,1833.55
1691115803665,8.0,1833.55
1691115804686,8.0,1833.55
1691115806101,8.0,1833.55
1691115807307,8.0,1833.55
1691115808422,8.0,1833.55
1691115827118,-269.0,1833.5
1691115827136,-819.0,1833.5
1691115827162,-797.0,1833.5
1691115827174,-811.0,1833.5
1691115827179,-780.0,1833.5
1691115827189,-820.0,1833.5
1691115827440,-7366.0,1833.5
1691115827440,-704.0,1833.5
1691115827444,-8070.0,1833.5
1691115827447,-5.0,1833.5
1691115827447,-2899.0,1833.5
1691115827466,-1559.0,1833.4
1691115827466,-712.0,1833.45
1691115827502,-4783.0,1833.25
1691115827502,-16.0,1833.0
1691115827502,-3464.0,1833.2
1691115827502,-10000.0,1833.0
1691115827502,-57.0,1832.9
1691115827506,-1131.0,1832.7
1691115827506,-1710.0,1832.55
1691115827506,-10499.0,1832.9
1691115827506,-3145.0,1832.6
1691115827506,-5498.0,1832.7
1691115827506,-5498.0,1832.6
1691115827522,-5000.0,1832.55
1691115827522,-5000.0,1832.65
1691115827522,-4532.0,1832.55
1691115827522,-3788.0,1832.55
1691115827821,-916.0,1832.75
1691115827908,1000.0,1832.75
1691115828839,4547.0,1832.45
1691115828839,1685.0,1832.45
1691115828893,11025.0,1832.45
1691115828895,10.0,1832.45
1691115829054,1231.0,1832.45
1691115829054,949.0,1832.45
1691115829054,1685.0,1832.45
1691115829054,1675.0,1832.45
1691115839030,-798.0,1832.6
1691115839047,-1621.0,1832.6
1691115839048,-53.0,1832.6
1691115839048,-3394.0,1832.6
1691115839058,-1482.0,1832.35
1691115839066,-1520.0,1832.3
1691115839066,-15688.0,1832.3
1691115839231,-525.0,1832.3
1691115841075,-113.0,1832.05
1691115841075,-4000.0,1832.05
1691115841684,-3406.0,1832.0
1691115841684,-16.0,1832.0
1691115843229,1721.0,1831.3
1691115843549,-30.0,1831.6
1691115844083,2550.0,1831.65
1691115844083,2367.0,1831.65
1691115844083,1151.0,1831.65
1691115844089,10.0,1831.65
1691115844092,2000.0,1831.65
1691115844294,99.0,1831.65
1691115844645,2143.0,1831.65
1691115844652,6461.0,1831.65
1691115844654,4128.0,1831.65
1691115844655,2000.0,1831.65
1691115844657,2000.0,1831.65
1691115844657,3422.0,1831.65
1691115844660,2000.0,1831.65
1691115844661,2000.0,1831.65
1691115844679,14653.0,1831.65
1691115844684,45966.0,1831.65
1691115844702,965.0,1831.65
1691115844702,7932.0,1831.65
1691115844702,2819.0,1831.65
1691115844718,1373.0,1832.05
1691115844874,-1920.0,1832.05
1691115844898,1544.0,1832.1
1691115845460,8.0,1832.4
1691115846968,8.0,1832.4
1691115848241,8.0,1832.4
1691115849521,8.0,1832.4
1691115850607,8.0,1832.4
1691115851953,8.0,1832.5
1691115853150,8.0,1832.5
1691115854498,8.0,1832.5
1691115855706,8.0,1832.5
1691115856923,8.0,1832.5
1691115857954,8.0,1832.5
1691115858959,8.0,1832.5
1691115860072,8.0,1832.4
1691115860150,-1439.0,1832.35
1691115860150,-15.0,1832.35
1691115861184,8.0,1832.1
1691115862582,8.0,1832.1
1691115863977,8.0,1832.1
1691115865195,8.0,1832.1
1691115866519,8.0,1832.1
1691115867529,8.0,1832.1
1691115868685,8.0,1832.1
1691115869857,8.0,1832.1
1691115870924,8.0,1832.1
1691115872213,8.0,1832.1
1691115873336,1454.0,1832.1
1691115873338,10.0,1832.1
1691115873467,8.0,1832.1
1691115874147,2515.0,1832.1
1691115874756,8.0,1832.5
1691115876096,8.0,1832.5
1691115877129,8.0,1832.5
1691115878349,8.0,1832.5
1691115879401,8.0,1832.5
1691115880598,8.0,1832.5
1691115880984,-1660.0,1832.45
1691115880988,-89.0,1832.45
1691115880988,-11180.0,1832.45
1691115880988,-10000.0,1832.45
1691115880990,-5000.0,1832.4
1691115880990,-19000.0,1832.4
1691115881525,-286.0,1832.2
1691115883184,8.0,1832.25
1691115884247,8.0,1832.25
1691115885066,-1383.0,1832.2
1691115885066,-4325.0,1832.2
1691115885080,-1.0,1832.05
1691115885090,-1374.0,1831.55
1691115885108,-3000.0,1831.65
1691115885111,-18314.0,1831.45
1691115885111,-780.0,1831.45
1691115885111,-686.0,1831.45
1691115885116,-5402.0,1831.4
1691115885119,-12912.0,1831.4
1691115885120,-100.0,1831.25
1691115885120,-588.0,1831.25
1691115885120,-1600.0,1831.25
1691115885173,-2473.0,1831.25
1691115885173,-1228.0,1831.55
1691115885177,-5402.0,1831.25
1691115885178,-3204.0,1831.25
1691115885216,-3600.0,1831.45
1691115885217,-3071.0,1831.15
1691115885217,-2334.0,1831.45
1691115885220,-3075.0,1831.1
1691115885220,-3.0,1831.15
1691115885220,-2331.0,1831.15
1691115885227,-1922.0,1831.1
1691115885232,-405.0,1831.1
1691115885232,-17894.0,1831.05
1691115885235,-2106.0,1831.05
1691115885268,-3063.0,1831.0
1691115885268,-264.0,1831.0
1691115885268,-18697.0,1831.0
1691115885268,-16.0,1831.0
1691115885271,-1230.0,1830.9
1691115885271,-2339.0,1831.0
1691115885273,-11276.0,1830.9
1691115885273,-7023.0,1831.25
1691115885291,-6494.0,1830.9
1691115885291,-3371.0,1830.9
1691115885291,-5402.0,1830.9
1691115885291,-1471.0,1830.9
1691115885324,-91.0,1830.85
1691115885324,-5402.0,1830.85
1691115885331,-5402.0,1830.8
1691115885331,-9909.0,1830.85
1691115885331,-6281.0,1831.25
1691115885331,-5402.0,1830.75
1691115885373,-2397.0,1830.7
1691115885500,-19000.0,1830.55
1691115885500,-7313.0,1830.7
1691115885500,-200.0,1830.7
1691115885507,8.0,1830.7
1691115885511,-61.0,1830.45
1691115885511,-15.0,1830.45
1691115885511,-5402.0,1830.45
1691115885660,-300.0,1830.3
1691115885691,-20.0,1830.3
1691115885843,-1620.0,1830.3
1691115885843,-4783.0,1830.3
1691115885921,-1641.0,1830.2
1691115885967,-1641.0,1830.15
1691115886134,-360.0,1830.0
1691115886134,-1500.0,1830.0
1691115886134,-16.0,1830.0
1691115886134,-945.0,1830.0
1691115886144,-8651.0,1830.0
1691115886152,-2904.0,1830.0
1691115886152,-492.0,1830.0
1691115886200,-492.0,1829.85
1691115886200,-5000.0,1829.85
1691115886405,-989.0,1829.55
1691115886405,-7081.0,1829.55
1691115886407,-2919.0,1829.55
1691115886407,-1500.0,1829.55
1691115886420,-5463.0,1829.1
1691115886420,-9064.0,1829.3
1691115886420,-19000.0,1829.0
1691115886420,-5463.0,1829.2
1691115886420,-19000.0,1829.25
1691115886420,-16.0,1829.0
1691115886420,-5463.0,1829.15
1691115886420,-5439.0,1829.05
1691115886457,-3091.0,1828.9
1691115886541,-3296.0,1829.5
1691115886543,-300.0,1829.0
1691115886587,-796.0,1829.0
1691115886735,-4162.0,1828.9
1691115886768,-4559.0,1828.9
1691115886768,-11036.0,1828.9
1691115886789,8.0,1829.0
1691115886832,-3349.0,1828.35
1691115886832,-1631.0,1828.9
1691115886860,-12000.0,1828.9
1691115887145,-238.0,1828.7
1691115887249,-2967.0,1828.7
1691115887258,-2967.0,1828.7
1691115887955,2838.0,1828.75
1691115887955,1129.0,1828.75
1691115887955,100.0,1828.75
1691115887955,3.0,1828.75
1691115887955,7720.0,1828.75
1691115887955,10492.0,1828.75
1691115887955,9000.0,1828.75
1691115888020,-20.0,1828.9
1691115888053,8.0,1829.0
1691115888181,-18197.0,1828.95
1691115888223,-379.0,1828.95
1691115888308,-5700.0,1828.95
1691115888308,-424.0,1828.95
1691115888308,-4126.0,1828.95
1691115888749,1250.0,1829.0
1691115888749,999.0,1829.0
1691115888749,10250.0,1829.0
1691115888749,1830.0,1829.0
1691115889067,-10250.0,1829.45
1691115889097,-132.0,1829.5
1691115889380,8.0,1829.55
1691115890616,8.0,1829.55
1691115890667,1052.0,1829.55
1691115890667,4212.0,1829.55
1691115890667,1485.0,1829.55
1691115891133,3287.0,1829.65
1691115891133,1302.0,1829.65
1691115891889,2.0,1830.25
1691115891889,1.0,1830.25
1691115891889,2.0,1830.25
1691115891889,3.0,1830.25
1691115893188,8.0,1830.25
1691115894102,3700.0,1830.25
1691115894467,8.0,1830.25
1691115894638,-4.0,1830.2
1691115894638,-5700.0,1830.2
1691115895542,8.0,1829.8
1691115896684,8.0,1829.8
1691115897725,8.0,1830.0
1691115898970,8.0,1830.0
1691115901382,956.0,1829.65
1691115901382,177.0,1829.65
1691115905545,-1108.0,1829.75
1691115905545,-25.0,1829.75
1691115905547,-28.0,1829.75
1691115905547,-4809.0,1829.75
1691115911674,1205.0,1829.6
1691115911674,3.0,1829.6
1691115911674,60.0,1829.6
1691115911674,10000.0,1829.6
1691115913839,5704.0,1829.8
1691115913861,100.0,1829.8
1691115913861,846.0,1829.8
1691115913861,4296.0,1829.8
1691115920236,1380.0,1830.2
1691115920236,3.0,1830.2
1691115920236,1200.0,1830.2
1691115923184,4475.0,1830.45
1691115926308,237.0,1830.7
1691115926309,531.0,1830.7
1691115926309,3.0,1830.7
1691115926309,9763.0,1830.7
1691115929851,250.0,1830.9
1691115929851,8.0,1830.9
1691115931112,3318.0,1831.05
1691115931112,882.0,1831.05
1691115943117,9149.0,1831.3
1691115943117,8.0,1831.15
1691115951458,329.0,1831.45
1691115951459,1483.0,1831.45
1691115951459,5122.0,1831.45
1691115969483,16.0,1831.65
1691115974450,8.0,1831.85
1691115976016,8.0,1831.85
1691115977110,8.0,1831.85
1691115978464,8.0,1831.85
1691115979784,8.0,1831.85
1691115980991,8.0,1831.85
1691115982388,8.0,1831.85
1691115985291,8.0,1831.85
1691115986555,8.0,1831.85
1691115987679,8.0,1831.85
1691115988887,8.0,1831.85
1691115989990,8.0,1831.85
1691115991277,8.0,1831.85
1691115992369,8.0,1831.85
1691115993390,8.0,1831.85
1691115994650,2.0,1831.85
1691115994650,6.0,1831.85
1691115995784,8.0,1831.85
1691116002423,60.0,1831.9
1691116002423,2001.0,1831.9
1691116007885,16.0,1832.0
1691116007885,3334.0,1832.0
1691116017799,2782.0,1832.15
1691116017799,1513.0,1832.15
1691116017802,10.0,1832.2
1691116017807,3348.0,1832.2
1691116017807,10000.0,1832.25
1691116017887,30.0,1832.3
1691116017987,4505.0,1832.4
1691116017987,6520.0,1832.4
1691116018618,8.0,1832.5
1691116020401,8.0,1832.5
1691116020403,10.0,1832.5
1691116023163,1390.0,1832.5
1691116023340,4532.0,1832.55
1691116023340,938.0,1832.55
1691116023531,1771.0,1832.7
1691116028263,1479.0,1832.8
1691116028263,1600.0,1832.8
1691116046742,-496.0,1832.85
1691116046757,-389.0,1832.85
1691116046827,-246.0,1832.85
1691116046843,-288.0,1832.85
1691116046855,-306.0,1832.85
1691116047176,-360.0,1832.85
1691116047176,-1420.0,1832.85
1691116047176,-3134.0,1832.85
1691116047176,-3156.0,1832.85
1691116047198,-590.0,1832.85
1691116047198,-6881.0,1832.85
1691116047489,490.0,1832.8
1691116047808,8.0,1832.8
1691116052500,8.0,1832.8
1691116053684,8.0,1832.6
1691116054743,8.0,1832.6
1691116055978,8.0,1832.6
1691116056996,8.0,1832.6
1691116058241,8.0,1832.6
1691116059348,8.0,1832.6
1691116060537,8.0,1832.6
1691116061612,8.0,1832.6
1691116062686,8.0,1832.6
1691116063814,8.0,1832.6
1691116064929,8.0,1832.6
1691116067878,8.0,1832.6
1691116068953,8.0,1832.6
1691116070169,8.0,1832.6
1691116071365,8.0,1832.6
1691116072371,10259.0,1832.6
1691116072522,8.0,1832.8
1691116077752,16.0,1833.0
1691116077752,14.0,1833.0
1691116116875,2546.0,1833.0
1691116116875,774.0,1833.0
1691116245234,1005.0,1833.0
1691116245237,1285.0,1833.0
1691116245237,416.0,1833.0
1691116262069,3757.0,1833.3
1691116262069,775.0,1833.3
1691116262069,6275.0,1833.3
1691116262120,2971.0,1833.3
1691116262125,4703.0,1833.4
1691116262125,10000.0,1833.4
1691116262125,10.0,1833.4
1691116266095,5000.0,1833.5
1691116266095,3418.0,1833.5
1691116266100,1532.0,1833.55
1691116266109,5625.0,1833.75
1691116266119,10.0,1833.75
1691116266852,10.0,1833.8
1691116268502,4783.0,1834.0
1691116268502,951.0,1834.0
1691116268502,16.0,1834.0
1691116268681,6510.0,1834.0
1691116268692,6700.0,1834.0
1691116271549,61.0,1834.15
1691116271549,5558.0,1834.2
1691116271549,800.0,1834.15
1691116271575,1313.0,1834.2
1691116271583,4683.0,1834.25
1691116271583,6768.0,1834.25
1691116280696,-162.0,1834.7
1691116281160,-551.0,1834.7
1691116281346,-3180.0,1834.7
1691116281346,-9021.0,1834.7
1691116281346,-3165.0,1834.7
1691116304784,2.0,1834.25
1691116339017,10241.0,1834.25
1691116339017,784.0,1834.25
1691116339020,10.0,1834.25
1691116339039,11000.0,1834.25
1691116339040,200.0,1834.25
1691116339119,3749.0,1834.25
1691116339119,1300.0,1834.25
1691116358025,8.0,1834.7
1691116366738,8.0,1834.7
1691116367841,8.0,1834.7
1691116369004,8.0,1834.7
1691116374014,8.0,1834.7
1691116375054,8.0,1834.7
1691116376283,8.0,1834.7
1691116377772,8.0,1834.7
1691116378882,8.0,1834.7
1691116380087,8.0,1834.7
1691116381753,8.0,1834.7
1691116383130,8.0,1834.7
1691116460994,1235.0,1834.7
1691116460994,3752.0,1834.7
1691116460994,2286.0,1834.75
1691116460994,3752.0,1834.7
1691116472876,8.0,1834.9
1691116480190,4.0,1834.9
1691116480190,4.0,1834.9
1691116481304,8.0,1834.9
1691116483377,8.0,1834.9
1691116484944,8.0,1834.9
1691116486214,8.0,1834.9
1691116487226,-2634.0,1834.85
1691116487226,-2381.0,1834.85
1691116531228,8.0,1834.9
1691116532717,8.0,1834.9
1691116534049,8.0,1834.9
1691116535261,8.0,1834.9
1691116536632,8.0,1834.9
1691116537787,8.0,1834.9
1691116538947,8.0,1834.9
1691116540222,8.0,1834.9
1691116541422,8.0,1835.0
1691116566158,8.0,1835.0
1691116840220,6312.0,1835.0
1691116840222,1742.0,1835.0
1691116840225,6297.0,1835.0
1691116840225,1103.0,1835.0
1691116840226,1225.0,1835.0
1691116840227,1676.0,1835.0
1691116840227,4978.0,1835.0
1691116840227,817.0,1835.0
1691116840227,1662.0,1835.0
1691116840227,1279.0,1835.0
1691116840227,1666.0,1835.0
1691116840228,1682.0,1835.0
1691116840228,403.0,1835.0
1691116840228,1165.0,1835.0
1691116840228,962.0,1835.0
1691116840230,110.0,1835.0
1691116840230,22231.0,1835.0
1691116840230,105.0,1835.0
1691116840230,30.0,1835.0
1691116840230,2789.0,1835.0
1691116840230,222.0,1835.0
1691116840231,281.0,1835.0
1691116905038,-1.0,1834.8
1691116919880,-474.0,1834.8
1691116919880,-955.0,1834.8
1691116919880,-29.0,1834.8
1691116919910,-813.0,1834.75
1691116932702,8.0,1834.65
1691116934989,8.0,1834.65
1691116936227,8.0,1834.65
1691116937443,8.0,1834.65
1691116938483,8.0,1834.65
1691116939678,8.0,1834.65
1691116940822,8.0,1834.65
1691116941909,8.0,1834.65
1691116943113,8.0,1834.65
1691116944323,8.0,1834.65
1691116945485,8.0,1834.65
1691116946562,8.0,1834.65
1691116947763,8.0,1834.65
1691116948960,8.0,1834.65
1691116955063,8.0,1834.65
1691116956177,8.0,1834.65
1691116957451,8.0,1834.65
1691116958673,8.0,1834.65
1691116960149,8.0,1834.65
1691117056128,1789.0,1834.65
1691117056130,299.0,1834.65
1691117056131,10.0,1834.65
1691117056224,683.0,1834.65
1691117056224,3572.0,1834.65
1691117056224,1212.0,1834.65
1691117056224,2777.0,1834.65
1691117056224,2781.0,1834.65
1691117056404,6258.0,1834.65
1691117056404,2785.0,1834.65
1691117056404,1982.0,1834.65
1691117056493,803.0,1834.65
1691117058137,540.0,1834.9
1691117112301,24.0,1835.05
1691117131138,2541.0,1835.05
1691117131138,76.0,1835.05
1691117131138,7784.0,1835.05
1691117131142,10.0,1835.05
1691117131226,3173.0,1835.05
1691117308331,-1.0,1834.65
1691117308331,-759.0,1834.65
1691117308367,-493.0,1834.6
1691117338450,10.0,1834.45
1691117339828,3424.0,1834.45
1691117339828,1680.0,1834.45
1691117339828,1284.0,1834.45
1691117339828,1682.0,1834.45
1691117339828,1680.0,1834.45
1691117339828,1275.0,1834.45
1691117339832,10.0,1834.45
1691117373582,1680.0,1834.45
1691117373582,856.0,1834.45
1691117373582,389.0,1834.45
1691117380730,-91.0,1834.7
1691117589871,2.0,1834.6
1691117589871,56.0,1834.6
1691117589871,58.0,1834.6
1691117589871,1165.0,1834.6
1691117589871,13.0,1834.6
1691117589871,101.0,1834.6
1691117589871,58.0,1834.6
1691117589871,60.0,1834.6
1691117667255,-7247.0,1835.0
1691117733214,9863.0,1834.65
1691117733214,51.0,1834.65
1691117745253,814.0,1834.75
1691117805061,2338.0,1834.9
1691117805061,5196.0,1834.9
1691117805061,2466.0,1834.9
1691117993396,-1187.0,1834.85
1691117993398,-4169.0,1834.85
1691117993400,-4644.0,1834.85
1691117993400,-699.0,1834.85
1691117993402,-855.0,1834.85
1691117993452,-10000.0,1834.8
1691118001750,-1388.0,1834.55
1691118098561,-441.0,1834.05
1691118105074,1.0,1834.1
1691118129133,-774.0,1834.05
1691118129133,-2646.0,1834.05
1691118129409,-3410.0,1834.05
1691118151533,-277.0,1834.05
1691118155169,-363.0,1834.05
1691118155199,-16.0,1834.0
1691118155199,-547.0,1833.95
1691118155218,-16.0,1833.95
1691118155476,-1348.0,1833.8
1691118164933,-977.0,1833.65
1691118164933,-30.0,1833.65
1691118164933,-3207.0,1833.6
1691118195262,-567.0,1833.35
1691118195268,-793.0,1833.35
1691118195278,-361.0,1833.35
1691118195295,-801.0,1833.35
1691118195296,-427.0,1833.35
1691118214252,-171.0,1833.35
1691118214252,-3646.0,1833.35
1691118214254,-3310.0,1833.35
1691118214258,-258.0,1833.35
1691118214258,-1525.0,1833.35
1691118214258,-843.0,1833.35
1691118214258,-1088.0,1833.35
1691118214260,-1539.0,1833.35
1691118214281,6024.0,1833.3
1691118291479,556.0,1833.3
1691118291479,755.0,1833.3
1691118291479,1251.0,1833.3
1691118291479,1251.0,1833.3
1691118291479,1255.0,1833.3
1691118291479,1414.0,1833.3
1691118291479,40.0,1833.3
1691118291479,1251.0,1833.3
1691118291479,430.0,1833.3
1691118291479,1089.0,1833.3
1691118291630,8070.0,1833.4
1691118291633,10.0,1833.4
1691118311313,-7525.0,1833.75
1691118335853,-16352.0,1833.3
1691118335853,-6691.0,1833.3
1691118335853,-4.0,1833.3
1691118335853,-706.0,1833.3
1691118335883,-377.0,1833.3
1691118343019,139.0,1833.05
1691118343019,491.0,1833.05
1691118343019,940.0,1833.05
1691118524930,-19923.0,1833.0
1691118524930,-1044.0,1833.2
1691118524930,-5717.0,1833.2
1691118524930,-16.0,1833.0
1691118524930,-771.0,1833.1
1691118581743,1149.0,1833.05
1691118581743,1140.0,1833.05
1691118581743,817.0,1833.05
1691118581743,343.0,1833.05
1691118581743,1266.0,1833.05
1691118581743,1149.0,1833.05
1691118581743,1149.0,1833.05
1691118581743,1151.0,1833.05
1691118581759,-1210.0,1833.2
1691118614412,-7090.0,1833.2
1691118614412,-3935.0,1833.2
1691118617437,-5387.0,1833.2
1691118660845,1419.0,1833.15
1691118660853,10.0,1833.15
1691118660888,150.0,1833.15
1691118660888,141.0,1833.15
1691118660888,230.0,1833.15
1691118660888,228.0,1833.15
1691118662126,30.0,1833.3
1691118662130,10.0,1833.35
1691118662171,776.0,1833.35
1691118662227,3470.0,1833.4
1691118662257,5212.0,1833.45
1691118705140,1.0,1833.6
1691118724785,1166.0,1833.6
1691118724785,228.0,1833.6
1691118724785,813.0,1833.6
1691118763803,1041.0,1833.9
1691118763803,130.0,1833.85
1691118763807,2396.0,1833.9
1691118793081,-2500.0,1834.4
1691118821151,-930.0,1834.4
1691118821151,-70.0,1834.4
1691118830154,-1000.0,1834.4
1691118969186,-1171.0,1834.4
1691118969208,-5960.0,1834.4
1691118969233,-10411.0,1834.4
1691118969255,-1509.0,1834.4
1691118969255,-767.0,1834.4
1691118969255,-7320.0,1834.4
1691118969255,-920.0,1834.4
1691118969255,-17493.0,1834.4
1691118969255,-16264.0,1834.4
1691119273599,214.0,1833.95
1691119273599,1351.0,1833.95
1691119273599,1352.0,1833.95
1691119273599,4929.0,1833.95
1691119273599,224.0,1833.95
1691119273602,10.0,1833.95
1691119273627,3824.0,1833.95
1691119273659,432.0,1833.95
1691119273659,1357.0,1833.95
1691119273659,1352.0,1833.95
1691119273659,9652.0,1834.05
1691119273979,486.0,1834.05
1691119283949,486.0,1834.05
1691119304744,-1.0,1834.0
1691119306692,11025.0,1834.05
1691119306695,486.0,1834.05
1691119306714,24696.0,1834.05
1691119306717,3319.0,1834.05
1691119306726,3710.0,1834.05
1691119307979,1034.0,1834.05
1691119307979,1364.0,1834.05
1691119307979,1364.0,1834.05
1691119310598,527.0,1834.4
1691119323619,408.0,1834.7
1691119323619,78.0,1834.7
1691119376761,702.0,1834.7
1691119376772,486.0,1834.7
1691119376816,756.0,1834.7
1691119376846,11025.0,1834.7
1691119377261,2209.0,1834.7
1691119377263,10.0,1834.7
1691119377282,6087.0,1834.7
1691119377514,485.0,1834.7
1691119379772,11025.0,1834.7
1691119379774,10.0,1834.7
1691119380134,663.0,1834.7
1691119381492,812.0,1834.7
1691119381494,10.0,1834.7
1691119381496,92.0,1834.7
1691119381573,270.0,1834.7
1691119382985,770.0,1834.7
1691119382987,10.0,1834.7
1691119385245,551.0,1834.7
1691119385247,10.0,1834.7
1691119385257,803.0,1834.7
1691119385276,485.0,1834.7
1691119385453,11025.0,1834.7
1691119387504,11025.0,1834.7
1691119394957,771.0,1834.7
1691119397849,811.0,1834.7
1691119397852,19910.0,1834.7
1691119397854,31148.0,1834.7
1691119453567,770.0,1834.7
1691119453582,800.0,1834.7
1691119453585,10.0,1834.7
1691119454795,2323.0,1834.7
1691119454795,1027.0,1834.7
1691119454795,1032.0,1834.7
1691119454795,1024.0,1834.7
1691119454795,1197.0,1834.7
1691119513451,-1903.0,1834.85
1691119513451,-1074.0,1834.85
1691119513451,-502.0,1834.85
1691119513451,-1013.0,1834.85
1691119513453,-4661.0,1834.85
1691119513461,-10001.0,1834.85
1691119513484,-782.0,1834.85
1691119513484,-15755.0,1834.85
1691119707895,10.0,1834.55
1691119782065,10.0,1834.55
1691119792558,10.0,1834.55
1691119796258,10.0,1834.55
1691119798390,10.0,1834.55
1691119800579,10.0,1834.55
1691119804782,10.0,1834.55
1691119805339,743.0,1834.55
1691119805339,735.0,1834.55
1691119805339,745.0,1834.55
1691119805339,106.0,1834.55
1691119805339,755.0,1834.55
1691119805339,1577.0,1834.55
1691119805363,906.0,1834.55
1691119884615,22.0,1835.0
1691119884615,16.0,1835.0
1691119884615,124.0,1835.0
1691119884618,10.0,1835.0
1691119884691,1678.0,1835.0
1691119884691,589.0,1835.0
1691119884700,214.0,1835.0
1691119884710,149.0,1835.0
1691119884710,2261.0,1835.1
1691119904360,-1.0,1834.95
1691120045028,-187.0,1834.95
1691120045028,-1365.0,1834.95
1691120045107,-596.0,1834.85
1691120045985,-907.0,1834.65
1691120046083,-1298.0,1834.65
1691120162852,-5516.0,1834.3
1691120162856,-10000.0,1834.2
1691120162867,-4000.0,1834.2
1691120165668,-4932.0,1833.6
1691120165668,-817.0,1833.7
1691120165668,-10000.0,1833.9
1691120165668,-2.0,1834.0
1691120165668,-4000.0,1834.0
1691120165668,-3864.0,1833.95
1691120167300,-3547.0,1833.6
1691120167300,-20068.0,1833.6
1691120168427,-19000.0,1833.6
1691120168427,-1464.0,1833.6
1691120168427,-3151.0,1833.6
1691120171326,-15940.0,1833.6
1691120171326,-10000.0,1833.6
1691120171326,-7500.0,1833.6
1691120171326,-5000.0,1833.6
1691120171326,-1141.0,1833.6
1691120171326,-799.0,1833.6
1691120171326,-5001.0,1833.6
1691120171326,-3667.0,1833.6
1691120171326,-19000.0,1833.6
1691120171326,-2536.0,1833.6
1691120171326,-1464.0,1833.6
1691120171326,-20000.0,1833.6
1691120172719,-25000.0,1833.55
1691120172719,-200.0,1833.4
1691120172719,-19000.0,1833.55
1691120172719,-200.0,1833.45
1691120172719,-10000.0,1833.55
1691120172719,-3151.0,1833.55
1691120172719,-803.0,1833.55
1691120172719,-5001.0,1833.5
1691120172719,-5000.0,1833.5
1691120172719,-4783.0,1833.55
1691120172719,-1541.0,1833.45
1691120172719,-4000.0,1833.55
1691120172719,-13369.0,1833.4
1691120176102,-5000.0,1833.4
1691120176102,-2196.0,1833.4
1691120176102,-773.0,1833.4
1691120176102,-1082.0,1833.4
1691120176102,-19000.0,1833.4
1691120176102,-1997.0,1833.4
1691120176102,-13400.0,1833.4
1691120176102,-11631.0,1833.4
1691120176102,-1804.0,1833.4
1691120176102,-14500.0,1833.4
1691120176102,-11200.0,1833.4
1691120176102,-2746.0,1833.35
1691120176102,-500.0,1833.4
1691120176102,-6219.0,1833.4
1691120297839,2140.0,1833.4
1691120297844,140.0,1833.4
1691120297844,952.0,1833.4
1691120297844,1120.0,1833.4
1691120297844,1017.0,1833.4
1691120297844,832.0,1833.4
1691120297844,1400.0,1833.4
1691120297844,952.0,1833.4
1691120297844,1024.0,1833.4
1691120297844,952.0,1833.4
1691120297923,30.0,1833.6
1691120297923,30.0,1833.6
1691120325618,1020.0,1834.0
1691120325618,1020.0,1834.0
1691120325618,647.0,1834.0
1691120391036,-1307.0,1834.2
1691120391036,-3.0,1834.2
1691120391036,-810.0,1834.2
1691120391036,-3576.0,1834.2
1691120391036,-155.0,1834.2
1691120391036,-3151.0,1834.2
1691120391036,-792.0,1834.2
1691120391041,-974.0,1834.2
1691120391043,-1998.0,1834.2
1691120391043,-5450.0,1834.2
1691120391043,-5356.0,1834.2
1691120391043,-2196.0,1834.2
1691120391046,-3151.0,1834.2
1691120391046,-992.0,1834.2
1691120391046,-16280.0,1834.2
1691120391053,-3310.0,1834.15
1691120391053,-11690.0,1834.2
1691120391059,-1690.0,1834.15
1691120391087,-1939.0,1834.1
1691120391087,-9000.0,1834.1
1691120391087,-5000.0,1834.1
1691120391087,-9061.0,1834.05
1691120391097,-1463.0,1834.0
1691120391097,-4399.0,1834.0
1691120391104,4310.0,1834.15
1691120391104,1690.0,1834.15
1691120391109,-19100.0,1833.95
1691120391185,-2020.0,1834.0
1691120391206,-797.0,1833.85
1691120391384,484.0,1833.65
1691120397968,101.0,1833.4
1691120505073,2.0,1833.4
1691120524990,-1669.0,1833.35
1691120524990,-3850.0,1833.35
1691120525175,-6008.0,1833.3
1691120538479,-1737.0,1833.2
1691120680197,486.0,1833.1
1691120681054,486.0,1833.1
1691120682970,486.0,1833.1
1691120690841,594.0,1833.1
1691120698859,432.0,1833.1
1691120701098,12.0,1833.1
1691120701098,1246.0,1833.1
1691120701098,1030.0,1833.1
1691120701098,1245.0,1833.1
1691120701098,2037.0,1833.1
1691120701098,1250.0,1833.1
1691120701098,1250.0,1833.1
1691120701148,8081.0,1833.1
1691120701179,30.0,1833.1
1691120701179,641.0,1833.1
1691120701179,1268.0,1833.3
1691120701179,467.0,1833.1
1691120855770,1191.0,1833.3
1691120855770,1240.0,1833.3
1691120855770,30.0,1833.3
1691120855773,170.0,1833.3
1691120855773,1355.0,1833.3
1691120855773,240.0,1833.3
1691120855781,2052.0,1833.3
1691120855781,1355.0,1833.3
1691120855790,214.0,1833.4
1691120855790,321.0,1833.5
1691120862357,85.0,1833.5
1691120917340,236.0,1833.5
1691120917340,6.0,1833.5
1691121116080,-25021.0,1833.45
1691121116087,-811.0,1833.45
1691121116106,-480.0,1833.45
1691121120091,-790.0,1833.45
1691121120926,-3352.0,1833.45
1691121120926,-9072.0,1833.45
1691121120928,-11713.0,1833.45
1691121120928,-12178.0,1833.45
1691121120961,-6578.0,1833.3
1691121120961,-462.0,1833.3
1691121121015,-14160.0,1833.0
1691121121033,-18321.0,1833.0
1691121121041,-13320.0,1833.0
1691121145738,-4787.0,1833.0
1691121213923,-436.0,1833.0
1691121214033,-384.0,1833.0
1691121214127,-322.0,1833.0
1691121214402,-20092.0,1833.0
1691121214402,-16.0,1833.0
1691121214402,-1574.0,1833.0
1691121214404,-10.0,1833.0
1691121214478,-9316.0,1833.0
1691121224976,-1.0,1832.9
1691121224976,-809.0,1832.9
1691121234095,-782.0,1832.8
1691121234095,-51.0,1832.8
1691121234189,-99.0,1832.8
1691121238017,-795.0,1832.7
1691121242037,-663.0,1832.7
1691121242037,-3.0,1832.7
1691121250539,578.0,1832.65
1691121250539,2433.0,1832.65
1691121250539,1313.0,1832.65
1691121250539,389.0,1832.65
1691121250539,1312.0,1832.65
1691121250539,2045.0,1832.65
1691121250687,1997.0,1832.65
1691121250687,735.0,1832.65
1691121250687,2668.0,1832.65
1691121322249,30.0,1832.8
1691121322249,178.0,1832.8
1691121322249,340.0,1832.8
1691121322296,593.0,1832.9
1691121322502,25.0,1833.0
1691121342843,2.0,1833.2
1691121342843,1889.0,1833.2
1691121354588,7024.0,1833.65
1691121431208,120.0,1833.8
1691121431208,27.0,1833.8
1691121431208,2520.0,1833.8
1691121431417,3960.0,1833.85
1691121477257,16.0,1834.0
1691121477257,436.0,1834.0
1691121477257,30.0,1834.0
1691121509414,774.0,1834.0
1691121509414,13144.0,1834.0
1691121509414,1309.0,1834.0
1691121509414,15000.0,1834.0
1691121509414,23300.0,1834.0
1691121509414,4000.0,1834.0
1691121509414,4783.0,1834.0
1691121509414,19000.0,1834.0
1691121509414,15000.0,1834.0
1691121509414,7500.0,1834.0
1691121509414,19000.0,1834.0
1691121509414,23193.0,1834.0
1691121509414,1356.0,1834.0
1691121509414,1998.0,1834.0
1691121705173,-1.0,1834.05
1691121907718,6010.0,1834.1
1691121907803,5972.0,1834.1
1691121907803,1510.0,1834.1
1691121907803,3302.0,1834.1
1691121907805,15825.0,1834.1
1691121907809,8190.0,1834.1
1691121907809,5715.0,1834.1
1691122056793,1412.0,1834.3
1691122056793,30.0,1834.3
1691122056793,653.0,1834.3
1691122056793,500.0,1834.3
1691122056806,56.0,1834.35
1691122212592,-1020.0,1834.5
1691122212592,-1144.0,1834.5
1691122212592,-1140.0,1834.5
1691122212592,-371.0,1834.5
1691122212592,-1145.0,1834.5
1691122212592,-343.0,1834.5
1691122212592,-2535.0,1834.5
1691122212592,-372.0,1834.5
1691122364847,-9706.0,1834.5
1691122364847,-775.0,1834.5
1691122364847,-10124.0,1834.5
1691122364847,-775.0,1834.5
1691122364923,-10000.0,1834.5
1691122364923,-110.0,1834.5
1691122364923,-297.0,1834.5
1691122364923,-149.0,1834.5
1691122364923,-150.0,1834.5
1691122364923,-4000.0,1834.5
1691122364923,-154.0,1834.5
1691122364962,-1075.0,1834.05
1691122364962,-3151.0,1834.1
1691122364962,-12208.0,1833.8
1691122364962,-1094.0,1833.85
1691122364962,-802.0,1834.15
1691122430610,-148.0,1833.8
1691122474898,-90.0,1833.65
1691122482747,-590.0,1833.65
1691122482747,-144.0,1833.65
1691122612516,-12.0,1833.4
1691122612516,-10.0,1833.2
1691122612516,-30.0,1833.1
1691122612516,-733.0,1833.4
1691122612516,-10000.0,1833.4
1691122612516,-6719.0,1833.05
1691122612516,-10.0,1833.4
1691122612516,-807.0,1833.35
1691122612526,-539.0,1833.05
1691122662568,-10000.0,1833.05
1691122662568,-100.0,1833.05
1691122662568,-10.0,1833.05
1691122662568,-3206.0,1832.95
1691122662568,-4159.0,1832.7
1691122662568,-792.0,1832.9
1691122662568,-27.0,1832.8
1691122662568,-16.0,1833.0
1691122835614,2000.0,1832.75
1691122884286,-238.0,1832.7
1691122884286,-11.0,1832.7
1691122884286,-7.0,1832.7
1691122886706,-733.0,1832.7
1691122904813,2.0,1832.75
1691123029921,-773.0,1832.7
1691123029921,-1911.0,1832.7
1691123029921,-10000.0,1832.7
1691123029921,-10.0,1832.7
1691123029921,-344.0,1832.7
1691123029921,-13487.0,1832.7
1691123029921,-347.0,1832.7
1691123029921,-104.0,1832.7
1691123029921,-344.0,1832.7
1691123048149,-10000.0,1832.7
1691123048149,-483.0,1832.7
1691123048149,-1016.0,1832.7
1691123048149,-347.0,1832.7
1691123048172,-4375.0,1832.5
1691123048173,-625.0,1832.5
1691123048188,-19339.0,1832.25
1691123048188,-5000.0,1832.35
1691123048188,-1600.0,1832.3
1691123048188,-1520.0,1832.4
1691123048191,-1782.0,1832.0
1691123048191,-8562.0,1832.05
1691123048191,-2251.0,1832.05
1691123048191,-36.0,1832.0
1691123048191,-16.0,1832.0
1691123048191,-5661.0,1832.25
1691123048220,-2251.0,1832.05
1691123048220,-16061.0,1832.0
1691123048288,-10000.0,1832.0
1691123142193,-1621.0,1831.9
1691123142193,-375.0,1831.9
1691123142193,-42.0,1831.9
1691123148500,-93.0,1831.8
1691123148500,-30.0,1831.8
1691123150319,-6837.0,1831.5
1691123153906,-100.0,1831.25
1691123153906,-3809.0,1831.2
1691123153906,-24.0,1831.25
1691123153906,-18.0,1831.2
1691123153906,-60.0,1831.25
1691123153937,-6155.0,1831.15
1691123153945,-3438.0,1831.1
1691123153958,-3124.0,1831.1
1691123163834,1158.0,1831.05
1691123163871,358.0,1831.05
1691123163871,28.0,1831.05
1691123163871,89.0,1831.05
1691123163871,34.0,1831.05
1691123163871,2118.0,1831.05
1691123165439,335.0,1831.3
1691123165439,3874.0,1831.3
1691123165439,593.0,1831.3
1691123271836,428.0,1832.0
1691123276708,8.0,1832.0
1691123358533,64.0,1832.0
1691123358533,8.0,1832.2
1691123358533,32.0,1832.0
1691123358533,1188.0,1832.0
1691123358533,27.0,1832.2
1691123358533,32.0,1832.0
1691123358533,37.0,1832.0
1691123358533,361.0,1832.3
1691123358533,60.0,1832.0
1691123358533,8.0,1832.25
1691123358533,30.0,1832.0
1691123358533,32.0,1832.0
1691123358533,526.0,1832.2
1691123392455,-8070.0,1832.45
1691123392457,-2000.0,1832.45
1691123392458,-10.0,1832.45
1691123392460,-2000.0,1832.45
1691123392462,-2000.0,1832.45
1691123392464,-11436.0,1832.45
1691123432986,-1638.0,1832.25
1691123432986,-6432.0,1832.25
1691123432988,-10.0,1832.25
1691123432999,-3220.0,1832.25
1691123433004,-739.0,1832.25
1691123433024,-694.0,1832.25
1691123460476,8.0,1831.9
1691123487551,8.0,1831.9
1691123489351,8.0,1831.9
1691123490756,8.0,1831.9
1691123492128,8.0,1831.9
1691123493199,8.0,1831.9
1691123494369,8.0,1831.9
1691123495419,8.0,1831.9
1691123496642,8.0,1831.9
1691123497883,8.0,1831.9
1691123499040,8.0,1831.9
1691123500368,8.0,1831.9
1691123501634,8.0,1831.9
1691123502658,8.0,1831.9
1691123504284,8.0,1831.9
1691123504452,2.0,1831.9
1691123505690,8.0,1831.9
1691123506726,8.0,1831.9
1691123508238,8.0,1831.9
1691123521405,8.0,1831.9
1691123592140,-6495.0,1831.85
1691123592140,-1575.0,1831.85
1691123592147,-4006.0,1831.85
1691123592147,-5995.0,1831.85
1691123592172,-568.0,1831.85
1691123592173,-5426.0,1831.85
1691123592185,-6023.0,1831.8
1691123624678,8.0,1831.6
1691123627195,8.0,1831.6
1691123628947,8.0,1831.6
1691123630024,8.0,1831.6
1691123631215,8.0,1831.6
1691123632502,8.0,1831.6
1691123633832,8.0,1831.6
1691123635232,8.0,1831.6
1691123636281,8.0,1831.6
1691123637423,8.0,1831.6
1691123639171,8.0,1831.6
1691123640262,8.0,1831.6
1691123641379,8.0,1831.6
1691123642576,8.0,1831.6
1691123643861,8.0,1831.6
1691123644920,8.0,1831.6
1691123646087,8.0,1831.6
1691123647337,8.0,1831.6
1691123648586,8.0,1831.6
1691123649952,-476.0,1831.55
1691123650005,-1117.0,1831.55
1691123650010,-3517.0,1831.55
1691123650010,-427.0,1831.5
1691123650010,-239.0,1831.55
1691123650035,-5950.0,1831.45
1691123650099,8.0,1831.3
1691123650330,-13582.0,1831.2
1691123650330,-154.0,1831.25
1691123650330,-10000.0,1831.25
1691123650330,-27.0,1831.2
1691123650330,-8.0,1831.25
1691123650330,-8.0,1831.2
1691123650599,-8.0,1831.0
1691123651409,8.0,1831.05
1691123652858,8.0,1831.05
1691123654777,8.0,1831.05
1691123656015,8.0,1831.05
1691123657147,8.0,1831.05
1691123658346,8.0,1831.05
1691123659697,8.0,1831.05
1691123660880,8.0,1831.05
1691123662066,8.0,1831.05
1691123663282,8.0,1831.05
1691123664465,8.0,1831.05
1691123665588,8.0,1831.05
1691123666138,635.0,1831.05
1691123666669,400.0,1831.05
1691123666669,569.0,1831.05
1691123666671,591.0,1831.05
1691123666672,332.0,1831.05
1691123666672,233.0,1831.05
1691123666673,624.0,1831.05
1691123666673,484.0,1831.05
1691123666673,482.0,1831.05
1691123666673,410.0,1831.05
1691123666680,482.0,1831.05
1691123666680,76.0,1831.05
1691123666680,480.0,1831.05
1691123666826,8.0,1831.3
1691123668039,8.0,1831.3
1691123669237,8.0,1831.3
1691123671987,26200.0,1831.3
1691123671989,1361.0,1831.3
1691123671991,11100.0,1831.3
1691123671991,8500.0,1831.3
1691123671993,26016.0,1831.3
1691123671993,2000.0,1831.3
1691123671996,8384.0,1831.3
1691123671999,14300.0,1831.3
1691123672000,2000.0,1831.3
1691123672001,115.0,1831.3
1691123672001,762.0,1831.3
1691123672038,883.0,1831.8
1691123672038,784.0,1831.6
1691123672038,760.0,1831.6
1691123672038,30.0,1831.5
1691123716166,1690.0,1832.1
1691123716166,500.0,1832.0
1691123716195,214.0,1832.15
1691123716299,-1420.0,1832.1
1691123716375,15000.0,1832.15
1691123716379,2502.0,1832.2
1691123716379,8.0,1832.2
1691123716379,8.0,1832.2
1691123716379,12482.0,1832.15
1691123716416,27.0,1832.25
1691123716416,586.0,1832.25
1691123716456,1600.0,1832.5
1691123716456,500.0,1832.5
1691123716456,130.0,1832.6
1691123716456,153.0,1832.65
1691123716456,21.0,1832.5
1691123755714,-11025.0,1832.6
1691123755717,-25.0,1832.6
1691123755717,-1681.0,1832.6
1691123759958,-50000.0,1832.45
1691123759963,-1600.0,1832.4
1691123759981,-10000.0,1832.35
1691123760088,-5342.0,1831.6
1691123760088,-16627.0,1831.5
1691123760088,-3177.0,1831.95
1691123760088,-2252.0,1831.55
1691123760088,-31.0,1831.95
1691123760088,-32.0,1831.95
1691123764325,427.0,1831.55
1691123767539,-3420.0,1831.5
1691123767539,-20.0,1831.5
1691123771331,832.0,1831.55
1691123813677,100.0,1831.85
1691123846720,-100.0,1832.4
1691123878212,8.0,1832.45
1691123880911,8.0,1832.45
1691123882559,8.0,1832.45
1691123883963,8.0,1832.45
1691123885705,8.0,1832.45
1691123886758,8.0,1832.45
1691123887895,8.0,1832.45
1691123889046,8.0,1832.45
1691123890162,8.0,1832.45
1691123891486,8.0,1832.45
1691123892706,8.0,1832.45
1691123893959,8.0,1832.45
1691123895414,8.0,1832.45
1691123896697,8.0,1832.45
1691123897751,8.0,1832.45
1691123898994,8.0,1832.45
1691123900314,8.0,1832.45
1691123901510,8.0,1832.45
1691123904194,8.0,1832.45
1691124000260,-31.0,1832.4
1691124000260,-29.0,1832.4
1691124000260,-721.0,1832.4
1691124000260,-32.0,1832.4
1691124000314,-6321.0,1832.35
1691124015315,1231.0,1832.2
1691124015315,1565.0,1832.15
1691124015315,429.0,1832.2
1691124015315,970.0,1832.15
1691124082181,820.0,1832.35
1691124082181,640.0,1832.35
1691124087084,2310.0,1832.4
1691124087084,575.0,1832.4
1691124087084,30.0,1832.4
1691124087145,500.0,1832.65
1691124087145,1906.0,1832.7
1691124087810,8.0,1832.7
1691124094576,8.0,1832.7
1691124097440,8.0,1832.7
1691124099399,8.0,1832.7
1691124101241,8.0,1832.7
1691124103122,8.0,1832.7
1691124104842,8.0,1832.7
1691124105808,-2.0,1832.65
1691124105924,8.0,1832.7
1691124107730,8.0,1832.7
1691124109857,8.0,1832.7
1691124138109,5513.0,1832.7
1691124138113,285.0,1832.7
1691124138113,500.0,1832.7
1691124138113,1102.0,1832.7
1691124138141,321.0,1832.7
1691124138165,272.0,1832.8
1691124138165,670.0,1832.7
1691124138165,1145.0,1832.7
1691124138168,357.0,1832.8
1691124138168,1248.0,1832.8
1691124138198,803.0,1832.8
1691124155860,8.0,1832.8
1691124157563,8.0,1832.8
1691124158715,8.0,1832.8
1691124160152,8.0,1832.8
1691124162193,8.0,1832.8
1691124165485,8.0,1832.8
1691124170210,392.0,1832.8
1691124170210,3049.0,1832.95
1691124170210,4383.0,1832.9
1691124170210,500.0,1832.8
1691124170210,2020.0,1832.8
1691124170498,2087.0,1832.95
1691124170549,803.0,1832.95
1691124173174,-100.0,1832.9
1691124215328,2174.0,1832.95
1691124215328,1958.0,1832.95
1691124215328,500.0,1832.95
1691124215343,5008.0,1832.95
1691124215343,12209.0,1832.95
1691124215344,2410.0,1832.95
1691124215351,2410.0,1832.95
1691124279169,500.0,1832.95
1691124279169,1075.0,1832.95
1691124279169,1957.0,1832.95
1691124287627,500.0,1833.0
1691124287627,16.0,1833.0
1691124287627,1717.0,1833.0
1691124287669,30.0,1833.1
1691124287669,291.0,1833.1
1691124287670,428.0,1833.1
1691124287679,1980.0,1833.1
1691124287685,1706.0,1833.1
1691124287688,268.0,1833.1
1691124287707,482.0,1833.2
1691124289125,5323.0,1833.2
1691124289126,4195.0,1833.2
1691124289126,500.0,1833.2
1691124354055,500.0,1833.25
1691124354055,38.0,1833.25
1691124354055,3430.0,1833.25
1691124354055,774.0,1833.25
1691124354089,1738.0,1833.25
1691124365793,798.0,1833.25
1691124365793,9.0,1833.25
1691124365793,1665.0,1833.25
1691124365793,500.0,1833.25
1691124366108,331.0,1833.4
1691124420754,268.0,1833.45
1691124420776,232.0,1833.45
1691124420776,5240.0,1833.45
1691124420776,1291.0,1833.45
1691124420785,11025.0,1833.45
1691124420854,1125.0,1833.45
1691124420917,324.0,1833.55
1691124420933,1017.0,1833.55
1691124475413,10.0,1833.7
1691124475413,10.0,1833.7
1691124475413,408.0,1833.7
1691124475824,500.0,1833.7
1691124475824,1749.0,1833.7
1691124475824,2795.0,1833.7
1691124489466,32547.0,1833.7
1691124489470,3742.0,1833.7
1691124507196,32.0,1833.75
1691124507196,222.0,1833.75
1691124514761,806.0,1833.75
1691124527207,137.0,1833.75
1691124529028,780.0,1833.75
1691124529456,287.0,1833.75
1691124567802,500.0,1833.95
1691124567802,1810.0,1833.95
1691124567802,100.0,1833.95
1691124567821,219.0,1833.95
1691124567821,281.0,1833.95
1691124583180,500.0,1833.95
1691124583180,7.0,1834.0
1691124583180,1905.0,1833.95
1691124583217,491.0,1834.0
1691124583217,9.0,1834.0
1691124604723,2303.0,1834.0
1691124604781,500.0,1834.0
1691124705244,-2.0,1834.15
1691124720100,1098.0,1834.2
1691124720100,2230.0,1834.2
1691124720100,500.0,1834.2
1691124720100,784.0,1834.2
1691124720100,388.0,1834.2
1691124744134,1599.0,1834.2
1691124744134,790.0,1834.2
1691124744134,790.0,1834.2
1691124744134,2100.0,1834.2
1691124744138,2413.0,1834.2
1691124744141,9697.0,1834.2
1691124744147,5007.0,1834.2
1691124744159,15170.0,1834.2
1691124744167,500.0,1834.2
1691124744357,500.0,1834.2
1691124752162,500.0,1834.4
1691124752162,192.0,1834.4
1691124752162,41.0,1834.4
1691124752187,1977.0,1834.4
1691124752215,4036.0,1834.5
1691124782303,5000.0,1834.7
1691124782303,788.0,1834.7
1691124782303,500.0,1834.7
1691124782303,2098.0,1834.7
1691124782363,3626.0,1834.9
1691124782394,6658.0,1835.0
1691124782394,16.0,1835.0
1691124788964,-800.0,1834.95
1691124859033,-1460.0,1834.95
1691124900842,-9743.0,1834.95
1691124900842,-305.0,1834.95
1691124900842,-100.0,1834.95
1691124900842,-3670.0,1834.95
1691124900843,-600.0,1834.95
1691124900844,-4102.0,1834.95
1691124900846,-191.0,1834.95
1691124900847,-1609.0,1834.95
1691124900854,-10000.0,1834.85
1691125011072,1494.0,1834.5
1691125011072,786.0,1834.5
1691125084137,200.0,1834.5
1691125084137,1290.0,1834.5
1691125084137,6605.0,1834.5
1691125152201,2326.0,1834.85
1691125152201,1648.0,1834.85
1691125152268,323.0,1835.0
1691125152268,500.0,1835.0
1691125152268,2501.0,1835.0
1691125171783,1911.0,1835.05
1691125171783,100.0,1835.05
1691125206120,5137.0,1835.05
1691125206120,500.0,1835.05
1691125206120,299.0,1835.05
1691125206326,500.0,1835.05
1691125280366,-10000.0,1835.0
1691125280366,-4649.0,1835.0
1691125280366,-7378.0,1835.0
1691125280366,-50000.0,1835.0
1691125280366,-774.0,1835.0
1691125280366,-9724.0,1835.0
1691125280366,-484.0,1835.0
1691125280366,-3670.0,1835.0
1691125280366,-25380.0,1835.0
1691125280366,-487.0,1835.0
1691125280366,-487.0,1835.0
1691125280366,-1705.0,1835.0
1691125282398,-14766.0,1834.8
1691125282398,-22620.0,1834.95
1691125282398,-11800.0,1834.85
1691125282398,-2252.0,1834.8
1691125282398,-26600.0,1834.8
1691125282398,-10000.0,1834.95
1691125282398,-26700.0,1834.95
1691125305143,-1.0,1834.75
1691125328414,8.0,1834.8
1691125376374,8.0,1834.8
1691125377616,8.0,1834.8
1691125378852,8.0,1834.8
1691125380058,8.0,1834.8
1691125381232,8.0,1834.8
1691125382500,8.0,1834.8
1691125384108,8.0,1834.8
1691125385682,8.0,1834.8
1691125386788,8.0,1834.8
1691125388139,8.0,1834.8
1691125389220,8.0,1834.8
1691125390435,8.0,1834.8
1691125392256,8.0,1834.8
1691125394501,8.0,1834.8
1691125395623,8.0,1834.8
1691125396646,8.0,1834.8
1691125397768,8.0,1834.8
1691125398984,8.0,1834.8
1691125400232,8.0,1834.8
1691125401544,8.0,1834.8
1691125483848,-5893.0,1834.75
1691125483848,-1239.0,1834.75
1691125483848,-3842.0,1834.75
1691125483850,-4107.0,1834.75
1691125483850,-7436.0,1834.75
1691125483854,-819.0,1834.65
1691125494089,-99.0,1834.5
1691125494089,-813.0,1834.5
1691125494089,-500.0,1834.5
1691125494089,-3669.0,1834.5
1691125494089,-844.0,1834.5
1691125494089,-7325.0,1834.5
1691125501286,-48457.0,1834.4
1691125501289,-2721.0,1834.4
1691125501289,-1543.0,1834.4
1691125501289,-7188.0,1834.4
1691125501291,-948.0,1834.4
1691125531323,-9.0,1834.15
1691125618019,-21.0,1834.15
1691125618019,-90.0,1834.15
1691125618019,-196.0,1834.15
1691125618019,-199.0,1834.15
1691125626369,828.0,1834.2
1691125626369,1262.0,1834.2
1691125626394,500.0,1834.2
1691125630464,885.0,1834.2
1691125630464,885.0,1834.2
1691125630464,6.0,1834.2
1691125630464,6863.0,1834.2
1691125630464,288.0,1834.2
1691125630464,1342.0,1834.2
1691125630464,642.0,1834.2
1691125651408,599.0,1834.3
1691125651408,2027.0,1834.3
1691125651408,374.0,1834.3
1691125663748,-655.0,1834.25
1691125675529,1293.0,1834.3
1691125675529,1399.0,1834.3
1691125675529,30.0,1834.4
1691125675529,2780.0,1834.45
1691125676747,30.0,1834.5
1691125676747,1.0,1834.65
1691125676747,1242.0,1834.5
1691125676747,380.0,1834.6
1691125676747,3849.0,1834.8
1691125741806,3855.0,1834.8
1691125741806,1234.0,1834.8
1691125741806,413.0,1834.8
1691125741817,1017.0,1834.8
1691125741820,145.0,1834.8
1691125741826,801.0,1834.9
1691125741829,2479.0,1834.9
1691125741836,1720.0,1834.9
1691125741836,22817.0,1834.9
1691125858856,500.0,1835.05
1691125858856,99.0,1835.05
1691125858856,746.0,1835.05
1691125858856,103.0,1835.05
1691125858856,1.0,1835.05
1691125999189,-6566.0,1835.0
1691125999189,-3670.0,1835.0
1691125999189,-597.0,1835.0
1691126007623,3500.0,1834.55
1691126040146,-99.0,1834.5
1691126040146,-2968.0,1834.5
1691126113250,669.0,1834.55
1691126113250,672.0,1834.55
1691126113250,3.0,1834.55
1691126113250,75.0,1834.55
1691126113326,1215.0,1834.55
1691126113326,672.0,1834.55
1691126113326,669.0,1834.55
1691126300074,-308.0,1834.7
1691126305094,-1572.0,1834.7
1691126305094,-3610.0,1834.7
1691126305094,-1571.0,1834.7
1691126305094,-1572.0,1834.7
1691126305094,-1572.0,1834.7
1691126313346,-804.0,1834.6
1691126322673,-552.0,1834.6
1691126328256,-350.0,1834.6
1691126333801,-801.0,1834.6
1691126342050,3900.0,1834.65
1691126361853,-551.0,1834.6
1691126383928,-733.0,1834.6
1691126383960,-789.0,1834.6
1691126384054,-219.0,1834.6
1691126448213,-3855.0,1834.55
1691126448213,-3149.0,1834.55
1691126448213,-802.0,1834.55
1691126448213,-10000.0,1834.55
1691126448242,-3855.0,1834.35
1691126448282,-500.0,1834.2
1691126448282,-7149.0,1834.2
1691126448288,-19000.0,1834.2
1691126448288,-6251.0,1834.2
1691126448315,-4029.0,1834.15
1691126448636,-10330.0,1834.2
1691126448636,-19000.0,1834.2
1691126449522,-19650.0,1834.2
1691126449539,-6716.0,1834.15
1691126449539,-2934.0,1834.15
1691126461098,123.0,1834.2
1691126461306,1208.0,1834.4
1691126564157,355.0,1834.6
1691126564157,30.0,1834.6
1691126564172,375.0,1834.6
1691126564172,1055.0,1834.6
1691126564179,1430.0,1834.6
1691126570120,806.0,1834.6
1691126575750,41878.0,1834.6
1691126575753,10000.0,1834.6
1691126575757,1000.0,1834.6
1691126580435,801.0,1834.6
1691126580687,1260.0,1834.6
1691126580687,110.0,1834.6
1691126580687,1309.0,1834.6
1691126584806,253.0,1834.8
1691126584806,2938.0,1834.8
1691126610459,2310.0,1834.85
1691126613995,696.0,1834.85
1691126631437,1173.0,1834.85
1691126653805,2252.0,1835.15
1691126653805,500.0,1835.05
1691126653805,543.0,1835.15
1691126653805,99.0,1835.05
1691126704214,12.0,1835.2
1691126704214,500.0,1835.2
1691126704214,1326.0,1835.2
1691126704214,12.0,1835.2
1691126845587,1505.0,1835.2
1691126845587,415.0,1835.2
1691127105260,-1.0,1835.2
1691127149012,-88.0,1835.2
1691127156891,39.0,1835.25
1691127156891,1292.0,1835.25
1691127156891,500.0,1835.25
1691127156891,209.0,1835.25
1691127210037,500.0,1835.4
1691127210037,232.0,1835.65
1691127210037,99.0,1835.55
1691127210037,208.0,1835.4
1691127210037,811.0,1835.5
1691127256918,200.0,1835.7
1691127256918,730.0,1835.7
1691127256918,500.0,1835.7
1691127295728,500.0,1835.7
1691127295728,211.0,1835.7
1691127295728,639.0,1835.7
1691127499123,-2570.0,1835.65
1691127499220,-3882.0,1835.65
1691127499233,-694.0,1835.65
1691127499233,-698.0,1835.65
1691127499233,-636.0,1835.65
1691127499233,-697.0,1835.65
1691127499233,-60.0,1835.65
1691127499233,-694.0,1835.65
1691127499233,-699.0,1835.65
1691127499233,-14914.0,1835.65
1691127499233,-3972.0,1835.65
1691127499233,-1363.0,1835.65
1691127499233,-1289.0,1835.65
1691127499238,-2022.0,1835.65
1691127499238,-421.0,1835.6
1691127499239,-2022.0,1835.6
1691127536758,-1.0,1835.4
1691127557711,783.0,1835.45
1691127557767,60.0,1835.45
1691127557767,500.0,1835.7
1691127557767,490.0,1835.45
1691127557767,1365.0,1835.7
1691127561988,1480.0,1835.7
1691127562252,1610.0,1835.7
1691127564887,1.0,1835.7
1691127565647,238.0,1835.7
1691127623542,500.0,1835.7
1691127623542,3025.0,1835.7
1691127623548,1265.0,1835.7
1691127623584,110.0,1835.7
1691127623618,2416.0,1835.7
1691127623628,500.0,1835.7
1691127623628,2415.0,1835.7
1691127623724,5505.0,1835.7
1691127623780,13452.0,1835.7
1691127623783,321.0,1835.7
1691127623808,4555.0,1835.7
1691127623911,500.0,1835.7
1691127662567,41.0,1835.7
1691127662567,3446.0,1835.7
1691127662567,20.0,1835.7
1691127662567,20.0,1835.7
1691127662567,1830.0,1835.7
1691127813518,316.0,1835.7
1691127813518,5189.0,1835.7
1691127813526,1201.0,1835.7
1691127813526,184.0,1835.7
1691127813526,2497.0,1835.7
1691127813529,1387.0,1835.7
1691127813623,457.0,1835.8
1691127813635,100.0,1835.85
1691127814209,16.0,1836.0
1691127814209,500.0,1836.0
1691127814209,21.0,1836.0
1691127816055,99.0,1836.05
1691127816055,500.0,1836.05
1691127834382,774.0,1836.15
1691127834382,286.0,1836.15
1691128123058,500.0,1836.15
1691128123058,500.0,1836.15
1691128199557,258.0,1836.15
1691128199557,471.0,1836.15
1691128199557,121.0,1836.15
1691128244019,4346.0,1836.15
1691128244019,1208.0,1836.15
1691128244019,30.0,1836.15
1691128244019,66.0,1836.15
1691128244022,1202.0,1836.15
1691128244026,197.0,1836.15
1691128244026,4192.0,1836.15
1691128244028,303.0,1836.15
1691128244028,10439.0,1836.15
1691128244034,2452.0,1836.15
1691128244068,7383.0,1836.15
1691128244072,5508.0,1836.15
1691128244075,11025.0,1836.15
1691128244076,4537.0,1836.15
1691128244080,5508.0,1836.15
1691128244092,538.0,1836.2
1691128249827,1030.0,1836.25
1691128261871,510.0,1836.25
1691128261871,500.0,1836.25
1691128261871,510.0,1836.25
1691128261871,30.0,1836.3
1691128261871,2693.0,1836.25
1691128261871,122.0,1836.25
1691128261871,510.0,1836.25
1691128261871,510.0,1836.25
1691128261871,510.0,1836.25
1691128279672,673.0,1836.55
1691128279672,99.0,1836.55
1691128279672,4000.0,1836.55
1691128279672,500.0,1836.55
1691128279672,23193.0,1836.55
1691128279672,13144.0,1836.55
1691128288460,139.0,1836.6
1691128288460,500.0,1836.6
1691128288460,2.0,1836.6
1691128297213,14.0,1836.7
1691128297213,500.0,1836.7
1691128297213,14.0,1836.7
1691128297213,432.0,1836.7
1691128297743,960.0,1836.7
1691128304599,-2.0,1836.65
1691128390038,-6454.0,1836.65
1691128390038,-100.0,1836.65
1691128627273,850.0,1836.05
1691128669176,236.0,1836.05
1691128669176,352.0,1836.05
1691128671988,157.0,1836.05
1691128671988,598.0,1836.05
1691128671988,67.0,1836.05
1691128672093,3910.0,1836.05
1691128672242,1597.0,1836.05
1691128672245,2295.0,1836.05
1691128672247,3213.0,1836.05
1691128684104,1409.0,1836.05
1691128684104,9169.0,1836.05
1691128690154,798.0,1836.2
1691128691744,-2038.0,1836.15
1691128719407,800.0,1836.2
1691128719407,4000.0,1836.2
1691128719407,8225.0,1836.2
1691128719407,2320.0,1836.2
1691128719407,19000.0,1836.2
1691128719407,5574.0,1836.2
1691128719407,2084.0,1836.2
1691128719407,19000.0,1836.2
1691128719407,3207.0,1836.2
1691128719407,27000.0,1836.2
1691128733068,-8070.0,1836.2
1691128733185,-6302.0,1836.2
1691128733188,-10.0,1836.2
1691128733189,-2000.0,1836.2
1691128733191,-2000.0,1836.2
1691128733192,-2000.0,1836.2
1691128733194,-2000.0,1836.2
1691128733195,-2000.0,1836.2
1691128733472,-186.0,1836.2
1691128754756,10263.0,1836.25
1691128754756,2252.0,1836.25
1691128754756,7607.0,1836.25
1691128754756,830.0,1836.25
1691128754756,320.0,1836.25
1691128754756,783.0,1836.25
1691128754756,830.0,1836.25
1691128754756,4000.0,1836.25
1691128754756,2000.0,1836.25
1691128754756,830.0,1836.25
1691128754756,19000.0,1836.25
1691128754756,830.0,1836.25
1691128754756,1394.0,1836.25
1691128754756,27000.0,1836.25
1691128754756,6283.0,1836.25
1691128759947,-735.0,1836.2
1691128759951,-5917.0,1836.2
1691128759951,-30.0,1836.2
1691128759951,-4054.0,1836.2
1691128759959,-789.0,1836.2
1691128759963,-187.0,1836.2
1691128795289,-7343.0,1836.0
1691128795289,-99.0,1836.0
1691128795289,-2980.0,1836.0
1691128795289,-3672.0,1836.0
1691128795291,-1324.0,1836.0
1691128802315,1431.0,1835.7
1691128802315,308.0,1835.65
1691128904722,710.0,1835.95
1691128904979,1.0,1835.95
1691128918647,-3672.0,1835.9
1691128918647,-4383.0,1835.9
1691128918915,-4.0,1835.9
1691128974373,810.0,1835.95
1691129100324,11025.0,1835.95
1691129100418,1299.0,1835.95
1691129100418,4206.0,1835.95
1691129100418,9166.0,1835.95
1691129100418,175.0,1835.95
1691129100418,334.0,1835.95
1691129100420,4062.0,1835.95
1691129100420,1917.0,1835.95
1691129100432,15000.0,1835.95
1691129100462,10001.0,1835.95
1691129100465,3325.0,1835.95
1691129100466,11025.0,1835.95
1691129100524,11025.0,1835.95
1691129100525,2000.0,1835.95
1691129100582,1054.0,1835.95
1691129100584,2000.0,1835.95
1691129101665,11025.0,1835.95
1691129101882,11025.0,1835.95
1691129105227,630.0,1835.95
1691129105227,929.0,1835.95
1691129105227,6558.0,1835.95
1691129108185,-2252.0,1836.05
1691129108185,-774.0,1836.05
1691129108185,-2608.0,1836.05
1691129108189,-6204.0,1836.05
1691129108195,-9782.0,1836.05
1691129108455,-2.0,1836.05
1691129108463,-2.0,1836.05
1691129108466,-4.0,1836.05
1691129108733,-1.0,1836.05
1691129109072,30.0,1836.1
1691129109072,5478.0,1836.1
1691129136635,780.0,1836.1
1691129183491,4453.0,1836.1
1691129212408,414.0,1836.1
1691129230574,3984.0,1836.1
1691129245442,254.0,1836.1
1691129246707,815.0,1836.1
1691129246712,1523.0,1836.1
1691129246715,1055.0,1836.1
1691129246715,1232.0,1836.1
1691129246715,1115.0,1836.1
1691129246715,2106.0,1836.1
1691129246718,5508.0,1836.1
1691129246720,798.0,1836.1
1691129247839,817.0,1836.1
1691129269859,283.0,1836.1
1691129269859,312.0,1836.1
1691129335747,169.0,1836.2
1691129335747,421.0,1836.2
1691129445176,-3164.0,1836.15
1691129445176,-1869.0,1836.15
1691129445176,-350.0,1836.15
1691129445176,-1866.0,1836.15
1691129445176,-1866.0,1836.15
1691129445176,-1877.0,1836.15
1691129445176,-1864.0,1836.15
1691129504492,1.0,1835.95
1691129541358,-428.0,1835.9
1691129541358,-420.0,1835.9
1691129541358,-428.0,1835.9
1691129541358,-868.0,1835.9
1691129549177,-120.0,1835.9
1691129549177,-6541.0,1835.9
1691129663407,-5100.0,1835.5
1691129663407,-99.0,1835.5
1691129663407,-425.0,1835.5
1691129663430,-8308.0,1835.5
1691129663430,-1839.0,1835.5
1691129663430,-425.0,1835.5
1691129663430,-542.0,1835.5
1691129663432,-3255.0,1835.5
1691129663663,-10.0,1835.2
1691129663663,-99.0,1835.0
1691129663663,-16.0,1835.0
1691129663663,-70.0,1835.05
1691129663663,-2252.0,1835.05
1691129663663,-1469.0,1835.05
1691129663663,-25064.0,1834.85
1691129663699,9398.0,1834.9
1691129663699,602.0,1834.9
1691129663881,-10.0,1834.85
1691129727155,-3670.0,1834.85
1691129727155,-6225.0,1834.85
1691129727155,-90.0,1834.85
1691129759495,4951.0,1834.85
1691129955262,91.0,1834.85
1691129982322,340.0,1834.85
1691129982322,500.0,1834.85
1691130104980,1.0,1834.85
1691130110924,39365.0,1834.85
1691130110925,13895.0,1834.85
1691130110925,6554.0,1834.85
1691130110927,3000.0,1834.85
1691130110968,3175.0,1834.85
1691130110968,2327.0,1834.85
1691130110971,2292.0,1834.85
1691130110973,2292.0,1834.85
1691130111003,15000.0,1834.85
1691130111033,11025.0,1834.85
1691130111084,9282.0,1834.85
1691130111084,1243.0,1834.85
1691130111084,500.0,1834.85
1691130111146,281.0,1834.95
1691130114269,620.0,1835.0
1691130114623,660.0,1835.0
1691130128449,55.0,1835.0
1691130128449,242.0,1835.0
1691130128449,500.0,1835.0
1691130128473,11025.0,1835.0
1691130128537,5392.0,1835.0
1691130244927,639.0,1835.45
1691130244927,4115.0,1835.45
1691130244927,500.0,1835.45
1691130245036,3430.0,1835.45
1691130245036,505.0,1835.45
1691130322694,79.0,1835.75
1691130340561,400.0,1835.75
1691130340561,20.0,1835.75
1691130406218,817.0,1835.75
1691130406218,100.0,1835.75
1691130411419,279.0,1835.75
1691130411419,126.0,1835.75
1691130411419,85.0,1835.75
1691130516261,340.0,1835.75
1691130590881,-1662.0,1835.7
1691130590881,-1660.0,1835.7
1691130590881,-1657.0,1835.7
1691130590881,-1657.0,1835.7
1691130590881,-1704.0,1835.7
1691130590881,-1660.0,1835.7
1691130591892,-3858.0,1835.7
1691130602016,-114738.0,1835.7
1691130605679,808.0,1835.75
1691130605679,269.0,1835.75
1691130605679,160.0,1835.75
1691130605679,774.0,1835.75
1691130605679,4120.0,1835.75
1691130605679,3869.0,1835.75
1691130606177,360.0,1835.75
1691130606681,777.0,1835.75
1691130606681,3840.0,1835.75
1691130614441,2287.0,1835.75
1691130614441,501.0,1835.75
1691130617870,-8878.0,1835.7
1691130640238,-11025.0,1835.7
1691130640249,-6774.0,1835.7
1691130640265,-741.0,1835.7
1691130640278,-787.0,1835.7
1691130640284,-790.0,1835.7
1691130640301,-14976.0,1835.7
1691130640316,-8070.0,1835.7
1691130640324,-789.0,1835.7
1691130640337,-808.0,1835.7
1691130640382,-11025.0,1835.7
1691130640389,-1921.0,1835.7
1691130640391,-4854.0,1835.7
1691130640417,-8007.0,1835.7
1691130640427,-781.0,1835.7
1691130640434,-134.0,1835.7
1691130640457,-11025.0,1835.7
1691130640458,-6051.0,1835.7
1691130640465,-2934.0,1835.7
1691130640466,-3840.0,1835.7
1691130640614,-1321.0,1835.7
1691130640616,-10.0,1835.7
1691130641553,-11025.0,1835.7
