timestamp,volume,price
1691107200068,-10.0,29201.5
1691107200068,-590.0,29201.5
1691107200090,-190.0,29201.5
1691107201710,-800.0,29201.5
1691107201793,-790.0,29201.5
1691107201871,-260.0,29201.5
1691107201898,-810.0,29201.5
1691107201970,-530.0,29201.5
1691107202205,-140.0,29201.5
1691107202608,-660.0,29201.5
1691107202654,-810.0,29201.5
1691107202658,-790.0,29201.5
1691107202688,-800.0,29201.5
1691107202712,-790.0,29201.5
1691107202714,-1520.0,29201.5
1691107202884,-750.0,29201.5
1691107203973,-90.0,29201.5
1691107205083,-20.0,29201.5
1691107205083,-70.0,29201.5
1691107205647,-470.0,29201.5
1691107205650,-340.0,29201.5
1691107205657,-800.0,29201.5
1691107205718,-790.0,29201.5
1691107205851,-790.0,29201.5
1691107205886,-820.0,29201.5
1691107205894,-700.0,29201.5
1691107205896,-810.0,29201.5
1691107205915,-280.0,29201.5
1691107205915,-5320.0,29201.5
1691107205920,-800.0,29201.5
1691107205922,-3920.0,29201.5
1691107205923,-480.0,29201.5
1691107205926,-20.0,29201.5
1691107205926,-3330.0,29201.5
1691107205926,-8860.0,29201.5
1691107205926,-1120.0,29201.5
1691107205926,-1500.0,29201.5
1691107205927,-790.0,29201.5
1691107205929,-200.0,29201.5
1691107205929,-20.0,29201.5
1691107205929,-33890.0,29201.0
1691107205929,-5460.0,29201.0
1691107205970,-5000.0,29199.0
1691107205970,-14540.0,29199.0
1691107205970,-300.0,29199.0
1691107205974,-33510.0,29199.0
1691107205975,-150.0,29198.5
1691107205983,-200.0,29195.0
1691107205983,-9800.0,29195.0
1691107206024,-8000.0,29193.5
1691107206024,-21000.0,29193.5
1691107206024,-7180.0,29193.0
1691107206024,-8000.0,29193.0
1691107206024,-480.0,29195.0
1691107206050,-8000.0,29191.5
1691107206050,-2000.0,29191.5
1691107206050,-5000.0,29193.5
1691107206130,-980.0,29190.5
1691107206142,-800.0,29190.5
1691107206142,-2000.0,29190.0
1691107206142,-3150.0,29189.5
1691107206142,-2960.0,29190.0
1691107206142,-1740.0,29189.0
1691107206142,-1350.0,29190.5
1691107206142,-8000.0,29189.0
1691107206176,-10.0,29186.5
1691107206176,-760.0,29186.5
1691107206176,-30.0,29186.5
1691107206197,-390.0,29186.5
1691107206226,-5830.0,29186.5
1691107206230,-4260.0,29187.0
1691107206246,-3730.0,29186.5
1691107206246,-740.0,29187.0
1691107206261,-1570.0,29186.5
1691107206268,-20.0,29186.5
1691107206365,-8220.0,29186.5
1691107206395,-1530.0,29185.5
1691107206395,-9220.0,29186.0
1691107206656,-3880.0,29181.5
1691107206656,-5000.0,29179.0
1691107206656,-770.0,29178.5
1691107206656,-150.0,29180.0
1691107206656,-200.0,29181.5
1691107206695,-350.0,29179.0
1691107206721,-3720.0,29179.0
1691107206721,-3130.0,29179.0
1691107206721,-8150.0,29179.0
1691107206735,-80.0,29179.0
1691107206793,-100.0,29179.0
1691107206805,-20000.0,29179.0
1691107206830,-25000.0,29179.0
1691107206832,-520.0,29179.0
1691107206835,-700.0,29179.0
1691107206839,-20000.0,29179.0
1691107206855,-5000.0,29179.0
1691107206902,-530.0,29179.0
1691107206915,-150.0,29179.0
1691107206915,-140.0,29179.0
1691107207019,200.0,29179.5
1691107207019,6000.0,29179.5
1691107207148,19840.0,29181.5
1691107207178,4200.0,29181.5
1691107207214,6000.0,29181.5
1691107207324,19840.0,29181.5
1691107207327,280.0,29181.5
1691107207327,70.0,29181.5
1691107207327,70.0,29181.5
1691107207327,120.0,29181.5
1691107207333,18580.0,29182.0
1691107207334,23920.0,29182.0
1691107207334,120.0,29182.0
1691107207578,870.0,29185.5
1691107207767,17980.0,29187.0
1691107207767,1860.0,29187.0
1691107207831,19840.0,29187.0
1691107207858,23100.0,29187.0
1691107207982,300.0,29187.5
1691107207982,870.0,29187.5
1691107208602,-20.0,29191.5
1691107208636,-20.0,29191.5
1691107208725,2000.0,29192.0
1691107209238,16010.0,29192.0
1691107209238,44800.0,29192.0
1691107209238,260.0,29192.0
1691107209238,8130.0,29192.0
1691107209238,9570.0,29192.0
1691107209247,4240.0,29193.5
1691107209247,150.0,29194.0
1691107209260,2260.0,29193.0
1691107209274,4180.0,29193.0
1691107209274,10.0,29193.0
1691107209280,1280.0,29193.0
1691107209284,6250.0,29193.0
1691107209286,2260.0,29194.5
1691107209287,4180.0,29196.5
1691107209434,10.0,29200.5
1691107209435,8120.0,29200.5
1691107209435,11880.0,29201.5
1691107209453,610.0,29201.5
1691107209456,190.0,29202.0
1691107209456,1470.0,29202.0
1691107209456,300.0,29202.0
1691107209456,11000.0,29202.0
1691107209456,190.0,29202.0
1691107209485,8130.0,29201.0
1691107209535,7200.0,29201.5
1691107209541,8810.0,29201.5
1691107209564,10.0,29204.0
1691107209588,30.0,29205.0
1691107209588,12260.0,29208.5
1691107209588,19860.0,29207.0
1691107209588,100.0,29208.0
1691107209588,30.0,29205.0
1691107209634,670.0,29204.0
1691107209711,7940.0,29204.0
1691107209711,1590.0,29204.0
1691107209988,10.0,29214.5
1691107210309,10.0,29214.5
1691107210571,21710.0,29214.5
1691107210571,790.0,29214.5
1691107210571,280.0,29214.5
1691107210600,-5700.0,29214.5
1691107210819,4150.0,29215.0
1691107210819,20610.0,29215.0
1691107211431,10.0,29215.0
1691107211997,-7500.0,29214.5
1691107212077,-650.0,29214.5
1691107212077,-2000.0,29214.5
1691107212085,-3880.0,29212.5
1691107212298,-3500.0,29202.0
1691107212320,-1120.0,29202.0
1691107212320,-1500.0,29202.0
1691107212320,-3880.0,29205.0
1691107212516,-2710.0,29202.5
1691107212545,-1340.0,29202.0
1691107212551,-17980.0,29202.0
1691107212566,-10.0,29199.5
1691107212566,-280.0,29199.5
1691107212566,-10.0,29199.5
1691107212568,-5000.0,29199.0
1691107212568,-840.0,29195.0
1691107212606,2000.0,29195.5
1691107212669,-1160.0,29195.0
1691107212700,-7990.0,29190.0
1691107212700,-2270.0,29186.5
1691107212700,-300.0,29187.0
1691107212700,-440.0,29187.0
1691107212850,-3880.0,29186.5
1691107212850,-3880.0,29186.5
1691107212850,-1240.0,29186.5
1691107212865,-10500.0,29184.0
1691107212866,-10000.0,29184.0
1691107212933,-440.0,29184.0
1691107212933,-2710.0,29186.5
1691107212933,-1350.0,29184.5
1691107212937,-2000.0,29180.5
1691107212949,-10100.0,29180.5
1691107212965,-6550.0,29180.5
1691107212965,-1350.0,29181.0
1691107212989,-2710.0,29184.0
1691107212992,-2710.0,29184.0
1691107212999,-1170.0,29184.0
1691107213005,-5000.0,29181.0
1691107213414,4070.0,29182.0
1691107213414,200.0,29182.0
1691107213414,15660.0,29182.0
1691107213423,19840.0,29182.0
1691107213543,2000.0,29182.0
1691107213598,18520.0,29182.0
1691107213598,1320.0,29184.0
1691107213815,200.0,29184.0
1691107213815,42500.0,29184.0
1691107213815,55850.0,29184.0
1691107213875,11690.0,29184.5
1691107213875,8150.0,29184.5
1691107214114,6820.0,29184.5
1691107214194,19840.0,29184.5
1691107214333,200.0,29184.5
1691107214333,19640.0,29184.5
1691107214478,-2720.0,29187.5
1691107214478,-13860.0,29187.5
1691107214478,-8150.0,29187.5
1691107218417,18840.0,29188.0
1691107218417,1000.0,29188.0
1691107218533,19840.0,29188.0
1691107218549,17340.0,29188.0
1691107218655,5840.0,29190.5
1691107218709,300.0,29193.0
1691107218796,56020.0,29195.0
1691107218855,6150.0,29195.5
1691107218897,13700.0,29197.5
1691107218965,7200.0,29198.0
1691107219123,1970.0,29198.0
1691107219123,1970.0,29198.0
1691107219123,13930.0,29198.0
1691107219123,1970.0,29198.0
1691107219259,19840.0,29198.0
1691107219916,20.0,29202.5
1691107220159,10.0,29202.5
1691107220159,1990.0,29202.5
1691107220632,20.0,29202.5
1691107228364,-9240.0,29202.0
1691107228364,-6760.0,29202.0
1691107228366,-18370.0,29202.0
1691107228366,-1630.0,29202.0
1691107228367,-90.0,29202.0
1691107228367,-15670.0,29202.0
1691107244146,-10310.0,29193.5
1691107244146,-10.0,29193.5
1691107244146,-5840.0,29193.5
1691107259276,870.0,29186.5
1691107259276,370.0,29186.5
1691107259276,49760.0,29186.5
1691107259276,1330.0,29186.5
1691107264435,1560.0,29186.5
1691107264435,1560.0,29186.5
1691107264435,1560.0,29186.5
1691107264435,1560.0,29186.5
1691107264435,320.0,29186.5
1691107264435,22930.0,29186.5
1691107264435,870.0,29186.5
1691107264435,1560.0,29186.5
1691107264438,420.0,29186.5
1691107264438,19570.0,29186.5
1691107264593,1090.0,29186.5
1691107264896,7980.0,29186.5
1691107268833,-230.0,29186.0
1691107268833,-20.0,29186.0
1691107268948,13800.0,29186.5
1691107277814,-21300.0,29194.0
1691107287194,300.0,29195.0
1691107287194,350.0,29195.0
1691107336582,100.0,29201.5
1691107371597,300.0,29208.5
1691107371597,200.0,29208.5
1691107389584,14590.0,29208.5
1691107392956,-240.0,29208.0
1691107425963,-20.0,29208.0
1691107433159,140.0,29208.5
1691107433159,1260.0,29208.5
1691107433159,12750.0,29208.5
1691107433159,170.0,29208.5
1691107433164,2100.0,29209.0
1691107442099,30.0,29209.0
1691107466301,12110.0,29210.0
1691107466301,10.0,29210.0
1691107478413,10.0,29211.0
1691107479802,10.0,29211.0
1691107561506,-300.0,29210.5
1691107561506,-160.0,29210.5
1691107561506,-50.0,29210.5
1691107561506,-690.0,29210.5
1691107561506,-10.0,29210.5
1691107561506,-6000.0,29210.5
1691107561506,-2800.0,29210.5
1691107561506,-20.0,29210.5
1691107561506,-720.0,29210.5
1691107561506,-8840.0,29210.5
1691107561506,-640.0,29210.5
1691107561514,-5000.0,29210.0
1691107561604,-19990.0,29209.5
1691107561604,-10.0,29209.5
1691107561623,5000.0,29209.0
1691107561718,-2000.0,29207.5
1691107561718,-810.0,29208.0
1691107561718,-80.0,29207.5
1691107562534,2000.0,29204.5
1691107562635,-20000.0,29204.0
1691107562648,-15990.0,29204.0
1691107562664,-6510.0,29204.0
1691107562664,-20.0,29204.0
1691107562748,-5000.0,29201.5
1691107562748,-20440.0,29201.0
1691107562864,-7890.0,29197.0
1691107562864,-2320.0,29197.0
1691107573224,-1840.0,29195.0
1691107573224,-1710.0,29195.0
1691107573224,-20.0,29195.0
1691107573224,-8840.0,29195.0
1691107573256,-10.0,29195.0
1691107573256,-1360.0,29195.0
1691107573298,-300.0,29193.0
1691107573506,-1830.0,29192.0
1691107573506,-2000.0,29192.5
1691107573506,-150.0,29192.0
1691107573506,-100.0,29192.0
1691107573506,-120.0,29192.0
1691107574629,2000.0,29190.5
1691107575059,2000.0,29190.5
1691107576165,2000.0,29190.5
1691107576202,2000.0,29190.5
1691107576534,-30.0,29190.0
1691107576534,-200.0,29190.0
1691107577452,2000.0,29190.5
1691107578587,2000.0,29190.5
1691107578589,2000.0,29190.5
1691107579864,2000.0,29190.5
1691107580571,-20.0,29190.0
1691107580571,-2910.0,29190.0
1691107580571,-1770.0,29190.0
1691107581000,2000.0,29189.0
1691107581002,2000.0,29189.0
1691107581257,-12000.0,29188.5
1691107581257,-10.0,29188.5
1691107581257,-5320.0,29188.5
1691107581257,-1070.0,29188.5
1691107581291,-1670.0,29188.5
1691107582537,2000.0,29183.5
1691107583676,2000.0,29183.5
1691107585747,2000.0,29183.5
1691107586803,1580.0,29183.5
1691107586803,310.0,29183.5
1691107586803,90.0,29183.5
1691107586803,20.0,29183.5
1691107587255,1310.0,29183.5
1691107587255,3280.0,29183.5
1691107587255,1310.0,29183.5
1691107590832,90.0,29193.0
1691107590832,80.0,29193.0
1691107590888,300.0,29193.5
1691107590985,430.0,29198.5
1691107590985,1570.0,29198.5
1691107600230,-5840.0,29198.0
1691107600230,-10.0,29198.0
1691107600230,-140.0,29198.0
1691107600233,-2000.0,29197.5
1691107600392,-12000.0,29195.5
1691107600917,-5000.0,29190.5
1691107600917,-4000.0,29191.5
1691107600917,-3510.0,29189.5
1691107600917,-46500.0,29189.5
1691107600917,-12000.0,29192.5
1691107600917,-73100.0,29190.0
1691107600917,-1880.0,29194.0
1691107601536,2000.0,29190.0
1691107602712,2000.0,29190.0
1691107602715,2000.0,29190.0
1691107605055,2000.0,29190.0
1691107605057,2000.0,29190.0
1691107607745,60.0,29190.0
1691107610400,-5840.0,29189.5
1691107610400,-8790.0,29189.5
1691107611776,-500.0,29187.5
1691107624285,-2130.0,29187.5
1691107624285,-170.0,29187.5
1691107624285,-2000.0,29187.5
1691107624285,-9400.0,29186.5
1691107624285,-5840.0,29187.5
1691107625171,2000.0,29184.5
1691107628565,-10.0,29184.0
1691107629107,-26900.0,29182.5
1691107629107,-20000.0,29184.0
1691107629107,-72900.0,29184.0
1691107629107,-5000.0,29183.5
1691107629107,-4000.0,29183.5
1691107629107,-780.0,29183.0
1691107629107,-4800.0,29183.5
1691107629107,-9680.0,29183.0
1691107629107,-1930.0,29184.0
1691107629282,5000.0,29183.0
1691107629965,-10.0,29182.5
1691107665390,-380.0,29182.5
1691107679529,-3000.0,29181.5
1691107686486,-2720.0,29181.5
1691107686486,-5000.0,29180.0
1691107686486,-10.0,29180.0
1691107686486,-270.0,29181.5
1691107686486,-300.0,29179.5
1691107686486,-2110.0,29181.0
1691107686486,-2000.0,29180.0
1691107686486,-4960.0,29181.5
1691107686486,-67560.0,29179.5
1691107686486,-810.0,29180.5
1691107686486,-1810.0,29181.5
1691107687192,2000.0,29180.0
1691107687932,-3000.0,29179.5
1691107688332,2000.0,29180.0
1691107688940,2000.0,29180.0
1691107690048,2000.0,29180.0
1691107690670,2000.0,29180.0
1691107692330,2000.0,29180.0
1691107730459,-300.0,29179.5
1691107730459,-70.0,29179.5
1691107742550,-300.0,29179.0
1691107742550,-1600.0,29179.0
1691107743188,-7490.0,29178.5
1691107743205,-1840.0,29178.5
1691107743228,-300.0,29178.0
1691107743235,-2000.0,29177.5
1691107747086,-190.0,29176.5
1691107747086,-240.0,29176.5
1691107758139,-2010.0,29173.5
1691107758167,-10.0,29173.5
1691107758167,-1520.0,29173.5
1691107758167,-7800.0,29173.5
1691107758167,-2940.0,29173.5
1691107763748,25000.0,29173.5
1691107784068,-450.0,29173.0
1691107784068,-10.0,29173.0
1691107788043,-1440.0,29173.0
1691107788043,-7360.0,29173.0
1691107788043,-1360.0,29173.0
1691107788043,-4090.0,29173.0
1691107788043,-220.0,29173.0
1691107788043,-43870.0,29173.0
1691107791238,-1360.0,29173.0
1691107791238,-29550.0,29173.0
1691107791238,-2130.0,29172.0
1691107791238,-300.0,29172.5
1691107791238,-20000.0,29173.0
1691107791238,-5000.0,29173.0
1691107795092,-16700.0,29170.5
1691107795092,-1280.0,29172.0
1691107795092,-6450.0,29172.0
1691107795092,-5000.0,29172.0
1691107795092,-21080.0,29172.0
1691107795092,-7830.0,29171.5
1691107803388,-10.0,29168.5
1691107803388,-10.0,29168.5
1691107803388,-30.0,29168.5
1691107803893,-50.0,29168.5
1691107805737,2000.0,29169.0
1691107805770,3000.0,29169.0
1691107807066,8940.0,29169.0
1691107813920,6910.0,29169.0
1691107818019,10.0,29169.0
1691107818019,4410.0,29169.0
1691107818019,40.0,29169.0
1691107818019,4220.0,29169.0
1691107818019,470.0,29169.0
1691107818019,980.0,29169.0
1691107818019,24150.0,29169.0
1691107818019,1350.0,29169.0
1691107818019,4370.0,29169.0
1691107818021,1350.0,29169.0
1691107818021,370.0,29169.0
1691107818021,1350.0,29169.0
1691107818021,1350.0,29169.0
1691107818021,990.0,29169.0
1691107818097,170.0,29169.5
1691107818156,3450.0,29171.0
1691107818528,-60.0,29173.0
1691107818775,13140.0,29173.5
1691107819952,300.0,29177.5
1691107831699,150.0,29180.0
1691107831721,270.0,29181.0
1691107831749,2530.0,29181.5
1691107866424,120.0,29183.0
1691107866424,9850.0,29183.0
1691107866424,30.0,29183.0
1691107874991,10000.0,29183.0
1691107885980,1880.0,29183.0
1691107885980,12300.0,29183.0
1691107885980,430.0,29183.0
1691107885983,3080.0,29183.0
1691107885990,1860.0,29184.5
1691107886147,6770.0,29184.5
1691107886147,220.0,29184.5
1691107886154,5890.0,29185.0
1691107886164,1480.0,29185.5
1691107886241,20.0,29185.5
1691107886294,19200.0,29185.5
1691107886781,1310.0,29189.5
1691107886781,1310.0,29189.5
1691107886781,1310.0,29189.5
1691107886781,1310.0,29189.5
1691107886781,300.0,29189.5
1691107886781,1310.0,29189.5
1691107886814,9880.0,29191.5
1691107886840,2000.0,29195.0
1691107886967,1610.0,29195.0
1691107888319,2000.0,29202.0
1691107895865,-60.0,29201.5
1691107895865,-18630.0,29201.5
1691107895865,-350.0,29201.5
1691107895865,-18640.0,29201.5
1691107901333,-1260.0,29200.5
1691107901333,-150.0,29200.5
1691107925697,300.0,29200.0
1691107925697,4320.0,29200.0
1691107925697,20.0,29200.0
1691107968286,30.0,29204.0
1691107995826,1390.0,29204.0
1691107995826,1330.0,29204.0
1691107995826,280.0,29204.0
1691108000441,-40.0,29203.5
1691108030303,-220.0,29203.5
1691108048119,-320.0,29203.5
1691108048119,-1180.0,29203.5
1691108048119,-18820.0,29203.5
1691108048119,-18590.0,29203.5
1691108048119,-4000.0,29203.5
1691108048119,-20.0,29203.5
1691108048119,-71600.0,29203.5
1691108048119,-30000.0,29203.5
1691108048119,-18590.0,29203.5
1691108048119,-12000.0,29203.5
1691108048119,-1270.0,29203.5
1691108048119,-90.0,29203.5
1691108064159,-40.0,29202.5
1691108091409,-230.0,29202.5
1691108120768,-10.0,29202.5
1691108120768,-20.0,29202.5
1691108145444,-1220.0,29202.5
1691108145444,-10.0,29202.5
1691108145444,-12000.0,29202.5
1691108145444,-10.0,29202.5
1691108145444,-230.0,29202.5
1691108145444,-22950.0,29202.5
1691108145444,-30000.0,29202.5
1691108145444,-5000.0,29202.5
1691108145444,-1230.0,29202.5
1691108145444,-10.0,29202.5
1691108145444,-15620.0,29202.5
1691108145444,-4000.0,29202.5
1691108145444,-71800.0,29202.5
1691108145638,900.0,29202.0
1691108146860,-160.0,29201.5
1691108169106,20.0,29202.0
1691108169106,5840.0,29202.0
1691108169106,10.0,29202.0
1691108169106,1000.0,29202.0
1691108169106,7700.0,29202.0
1691108169106,30.0,29202.0
1691108170241,140.0,29202.0
1691108170241,30.0,29202.0
1691108170241,6700.0,29202.0
1691108178262,-390.0,29202.0
1691108190838,440.0,29202.5
1691108190919,350.0,29202.5
1691108190928,700.0,29202.5
1691108190929,37560.0,29202.5
1691108190929,70.0,29202.5
1691108190929,300.0,29202.5
1691108190955,5840.0,29204.0
1691108190960,300.0,29204.0
1691108191237,300.0,29205.5
1691108191237,2090.0,29206.0
1691108191237,20.0,29205.5
1691108191237,10.0,29205.5
1691108191237,20.0,29205.5
1691108191248,1690.0,29206.0
1691108191252,4240.0,29206.0
1691108191256,440.0,29206.0
1691108191315,2150.0,29207.0
1691108191329,17700.0,29207.0
1691108191331,5410.0,29207.5
1691108192231,1700.0,29215.0
1691108192231,300.0,29214.0
1691108198399,10.0,29215.0
1691108199799,10.0,29215.0
1691108238947,40.0,29215.0
1691108238947,5840.0,29215.0
1691108238947,7650.0,29215.0
1691108238947,25570.0,29215.0
1691108238962,13430.0,29215.0
1691108238967,8700.0,29215.0
1691108238995,5750.0,29218.5
1691108238995,3890.0,29217.5
1691108239156,20.0,29219.5
1691108240911,20.0,29219.5
1691108255980,6150.0,29219.5
1691108255980,8460.0,29219.5
1691108255990,1500.0,29219.5
1691108255990,10.0,29220.0
1691108255990,11540.0,29219.5
1691108255990,130.0,29219.5
1691108285264,-20.0,29220.5
1691108285264,-1220.0,29220.5
1691108285264,-500.0,29220.5
1691108285264,-30.0,29220.5
1691108285264,-5770.0,29220.5
1691108286591,9230.0,29220.0
1691108286591,20000.0,29220.0
1691108363404,1000.0,29220.0
1691108439829,110.0,29220.0
1691108439829,9040.0,29221.0
1691108439829,7710.0,29220.0
1691108439829,4630.0,29220.0
1691108439829,7710.0,29220.0
1691108439829,30.0,29220.0
1691108449029,6200.0,29221.0
1691108449029,690.0,29221.0
1691108449059,80.0,29224.0
1691108449059,120.0,29224.0
1691108449059,60.0,29224.0
1691108449059,790.0,29224.0
1691108449059,100.0,29224.0
1691108449210,210.0,29225.5
1691108449210,150.0,29225.5
1691108449311,10.0,29230.0
1691108449311,970.0,29232.0
1691108449311,920.0,29225.5
1691108449311,100.0,29225.5
1691108450517,2000.0,29232.0
1691108452703,30.0,29232.0
1691108463380,70.0,29232.0
1691108466313,1000.0,29232.0
1691108504879,300.0,29232.0
1691108506608,190.0,29232.0
1691108506608,19810.0,29232.0
1691108506614,2890.0,29232.0
1691108506614,6570.0,29232.0
1691108506614,1290.0,29232.0
1691108506614,50.0,29232.0
1691108506616,10800.0,29232.0
1691108506622,10800.0,29232.0
1691108506623,10800.0,29232.0
1691108506634,10420.0,29232.0
1691108506640,4290.0,29232.0
1691108506640,3860.0,29232.0
1691108506644,1340.0,29235.0
1691108506644,2410.0,29232.0
1691108506644,200.0,29235.0
1691108506653,720.0,29232.0
1691108506700,870.0,29235.0
1691108506704,150.0,29235.0
1691108506704,50.0,29235.0
1691108506704,1890.0,29235.0
1691108506704,30.0,29235.0
1691108506704,40.0,29235.0
1691108506704,4970.0,29235.0
1691108506704,190.0,29235.0
1691108506772,1670.0,29235.5
1691108506909,800.0,29235.5
1691108506917,780.0,29235.5
1691108506957,820.0,29235.5
1691108506999,800.0,29235.5
1691108507009,540.0,29235.5
1691108507104,2000.0,29235.5
1691108507175,2830.0,29235.5
1691108507175,630.0,29235.5
1691108507178,2440.0,29235.5
1691108508102,12500.0,29238.0
1691108508102,3750.0,29239.0
1691108508102,3750.0,29238.0
1691108508125,5010.0,29239.0
1691108508125,10.0,29240.0
1691108508125,16700.0,29239.0
1691108511250,2000.0,29249.0
1691108516989,300.0,29249.0
1691108517114,130.0,29249.0
1691108527946,-800.0,29248.5
1691108527946,-1210.0,29248.5
1691108527946,-880.0,29248.5
1691108527946,-12000.0,29248.5
1691108527952,-1110.0,29248.0
1691108527954,-2890.0,29248.0
1691108528020,-8730.0,29247.5
1691108528020,-230.0,29247.5
1691108529454,5000.0,29247.0
1691108531671,-230.0,29246.5
1691108531671,-1310.0,29246.5
1691108531724,-12000.0,29245.5
1691108531724,-10.0,29245.5
1691108534292,2000.0,29243.0
1691108536645,110.0,29243.0
1691108536645,1890.0,29243.0
1691108537930,2000.0,29243.0
1691108539210,2000.0,29243.0
1691108540486,2000.0,29243.0
1691108541778,2000.0,29243.0
1691108543072,1550.0,29243.0
1691108543072,450.0,29243.0
1691108544362,2000.0,29243.0
1691108627307,-2000.0,29242.5
1691108627307,-3800.0,29242.5
1691108627307,-50.0,29242.5
1691108627309,-35570.0,29242.5
1691108627321,-3130.0,29242.5
1691108627321,-1160.0,29242.5
1691108654196,-320.0,29241.0
1691108654196,-1030.0,29241.0
1691108654196,-5000.0,29241.0
1691108654196,-60.0,29241.0
1691108654227,-2000.0,29240.0
1691108715462,-10800.0,29234.0
1691108715470,-1200.0,29234.0
1691108715470,-9600.0,29234.0
1691108715511,-180.0,29234.0
1691108715511,-130.0,29234.0
1691108715511,-5000.0,29234.0
1691108715511,-1010.0,29234.0
1691108720535,1200.0,29233.5
1691108720618,1400.0,29233.5
1691108730032,-30.0,29233.0
1691108730032,-910.0,29233.0
1691108730032,-1150.0,29233.0
1691108732003,1340.0,29229.0
1691108825928,170.0,29229.0
1691108883245,10.0,29229.0
1691108883245,140.0,29229.0
1691108884257,-1090.0,29228.5
1691108884257,-10.0,29228.5
1691108884257,-980.0,29228.5
1691108907632,-160.0,29227.0
1691108907632,-220.0,29227.0
1691108907632,-8630.0,29227.0
1691108945295,-12000.0,29225.0
1691108945392,-20.0,29222.5
1691108949118,-20.0,29222.0
1691108949118,-20.0,29222.0
1691108950940,-10.0,29220.5
1691108955496,-10.0,29219.0
1691108955496,-1500.0,29219.0
1691108960944,-120.0,29215.0
1691108961335,-1500.0,29211.0
1691108961381,2000.0,29211.5
1691108968132,-3000.0,29211.0
1691108974170,-60.0,29211.0
1691108974170,-15920.0,29211.0
1691108974170,-50.0,29211.0
1691108974170,-40.0,29211.0
1691108974170,-30.0,29211.0
1691108981667,-10.0,29209.5
1691108981667,-940.0,29209.5
1691108981766,-2000.0,29207.5
1691108982736,2000.0,29207.0
1691108983879,2000.0,29207.0
1691108984507,2000.0,29207.0
1691108985598,2000.0,29207.0
1691108986206,2000.0,29207.0
1691108987835,2000.0,29207.0
1691108988977,2000.0,29207.0
1691108995133,-1090.0,29206.5
1691108995133,-380.0,29206.5
1691108995738,-19990.0,29205.0
1691108995738,-10.0,29205.0
1691108995746,-20000.0,29205.0
1691108995753,-62010.0,29205.0
1691108995753,-1170.0,29205.0
1691108995760,-100.0,29203.5
1691108995772,-3900.0,29202.5
1691108995793,-2000.0,29202.5
1691108995793,-1100.0,29202.5
1691108995800,-1930.0,29199.0
1691108995800,-10.0,29200.0
1691108995822,-8070.0,29199.0
1691108995840,-2970.0,29197.0
1691108995849,-4980.0,29196.0
1691108995881,-3190.0,29196.0
1691108995959,-800.0,29196.0
1691108996036,-2850.0,29196.0
1691108996036,-2200.0,29196.0
1691108996140,-20.0,29195.0
1691108999047,-230.0,29195.0
1691108999047,-180.0,29195.0
1691109000367,-19840.0,29192.5
1691109000581,-90.0,29192.5
1691109000581,-710.0,29192.5
1691109000625,-500.0,29192.5
1691109000709,-580.0,29192.5
1691109000753,-190.0,29192.5
1691109008365,-10.0,29192.5
1691109009760,-10.0,29188.5
1691109013669,200.0,29189.0
1691109013677,100.0,29189.0
1691109015214,-190.0,29188.5
1691109015214,-100.0,29188.5
1691109015225,-130.0,29188.5
1691109015225,-60.0,29188.0
1691109015241,-200.0,29188.0
1691109015249,-800.0,29188.0
1691109018816,-11440.0,29188.0
1691109023656,-150.0,29185.5
1691109023656,-50.0,29185.5
1691109023656,-190.0,29185.5
1691109023656,-120.0,29185.5
1691109024223,-780.0,29182.5
1691109040227,-5840.0,29180.0
1691109040227,-150.0,29180.0
1691109040227,-150.0,29180.0
1691109040227,-330.0,29180.0
1691109043118,2000.0,29177.5
1691109043788,2000.0,29177.5
1691109053267,-800.0,29177.0
1691109056198,-11840.0,29177.0
1691109056198,-370.0,29177.0
1691109056198,-5000.0,29176.5
1691109056198,-15140.0,29177.0
1691109056200,-290.0,29176.0
1691109056213,-1160.0,29176.0
1691109056215,-300.0,29174.0
1691109056215,-300.0,29174.0
1691109056215,-4390.0,29176.0
1691109056215,-20700.0,29174.0
1691109061099,-8170.0,29172.5
1691109061099,-520.0,29172.5
1691109061099,-10.0,29172.5
1691109061099,-100.0,29172.5
1691109061099,-2000.0,29172.5
1691109061102,-3670.0,29172.5
1691109061219,5000.0,29165.0
1691109061349,-420.0,29164.5
1691109062452,2000.0,29165.0
1691109063542,2000.0,29165.0
1691109064684,2000.0,29165.0
1691109066640,1950.0,29165.0
1691109066640,50.0,29165.0
1691109066865,1310.0,29165.0
1691109066865,10770.0,29165.0
1691109066865,1310.0,29165.0
1691109066865,10800.0,29165.0
1691109066865,700.0,29165.0
1691109066865,1180.0,29165.0
1691109066865,1310.0,29165.0
1691109066865,1310.0,29165.0
1691109066865,1310.0,29165.0
1691109067058,40000.0,29165.0
1691109067062,1410.0,29165.0
1691109067062,5250.0,29165.0
1691109067067,6810.0,29165.0
1691109067197,-60.0,29166.5
1691109067229,20.0,29167.0
1691109067263,19820.0,29168.5
1691109067408,14580.0,29170.5
1691109067418,3300.0,29170.5
1691109067751,1700.0,29173.0
1691109067751,300.0,29172.5
1691109069787,2000.0,29175.0
1691109074428,790.0,29175.0
1691109074428,290.0,29175.0
1691109074428,910.0,29175.0
1691109074599,30.0,29178.0
1691109077749,-390.0,29178.0
1691109108895,1460.0,29178.5
1691109108895,1460.0,29178.5
1691109108895,1460.0,29178.5
1691109108895,1460.0,29178.5
1691109142837,-780.0,29178.0
1691109146405,-30.0,29178.0
1691109146405,-23050.0,29178.0
1691109146405,-880.0,29178.0
1691109146405,-16040.0,29178.0
1691109152522,900.0,29178.0
1691109152525,100.0,29178.0
1691109187399,-3890.0,29174.5
1691109187399,-80.0,29174.5
1691109187399,-5000.0,29175.0
1691109187399,-9670.0,29177.5
1691109187399,-2000.0,29175.0
1691109187399,-240.0,29174.5
1691109187399,-15980.0,29177.5
1691109187399,-12000.0,29177.5
1691109187399,-9810.0,29174.0
1691109187399,-4280.0,29177.5
1691109187399,-10680.0,29174.0
1691109187399,-30.0,29175.0
1691109188458,2000.0,29173.5
1691109189610,2000.0,29173.5
1691109189621,2000.0,29173.5
1691109203774,-7860.0,29172.5
1691109241020,1330.0,29172.0
1691109241020,890.0,29172.0
1691109241024,9010.0,29172.0
1691109241025,1310.0,29172.0
1691109241025,1310.0,29172.0
1691109241025,1330.0,29172.0
1691109259251,1310.0,29174.5
1691109259251,1310.0,29174.5
1691109259251,1310.0,29174.5
1691109259251,300.0,29174.5
1691109259251,1310.0,29174.5
1691109259251,1310.0,29174.5
1691109259251,90.0,29174.5
1691109259393,4000.0,29176.5
1691109259481,30.0,29178.0
1691109259481,5810.0,29178.0
1691109309642,-50.0,29178.0
1691109367125,-230.0,29178.0
1691109367650,2920.0,29178.5
1691109367650,80.0,29178.5
1691109367650,2840.0,29178.5
1691109367672,420.0,29178.5
1691109367805,8770.0,29179.5
1691109367840,5300.0,29179.5
1691109406305,1570.0,29181.5
1691109406305,1570.0,29181.5
1691109406305,1570.0,29181.5
1691109406305,290.0,29181.5
1691109406305,810.0,29181.5
1691109406305,50.0,29181.5
1691109406305,330.0,29181.5
1691109406305,1570.0,29181.5
1691109406305,1570.0,29181.5
1691109406305,740.0,29181.5
1691109406353,1310.0,29182.0
1691109406353,790.0,29182.0
1691109406353,1310.0,29182.0
1691109406353,1310.0,29182.0
1691109406353,1310.0,29182.0
1691109406353,30.0,29184.0
1691109406402,260.0,29184.5
1691109406402,10.0,29184.5
1691109406402,260.0,29184.5
1691109406402,260.0,29184.5
1691109406402,260.0,29184.5
1691109406402,20.0,29184.5
1691109406402,20.0,29184.5
1691109406402,10.0,29184.5
1691109406402,310.0,29184.5
1691109406455,6120.0,29186.0
1691109406489,3890.0,29187.0
1691109406527,20.0,29188.0
1691109406573,20000.0,29188.0
1691109406609,300.0,29188.5
1691109406609,860.0,29188.0
1691109406865,150.0,29191.5
1691109406865,1850.0,29192.0
1691109410612,1300.0,29193.0
1691109410612,1300.0,29193.0
1691109410612,1570.0,29193.0
1691109410612,1630.0,29193.0
1691109410612,40.0,29193.0
1691109425297,150.0,29193.0
1691109425297,10.0,29193.0
1691109425297,190.0,29193.0
1691109425297,1260.0,29193.0
1691109441147,12930.0,29194.0
1691109441147,50.0,29194.0
1691109489160,150.0,29197.0
1691109489160,1500.0,29198.0
1691109489160,20.0,29197.0
1691109489160,140.0,29197.0
1691109489160,350.0,29197.0
1691109489160,810.0,29197.0
1691109497474,-2600.0,29198.0
1691109497474,-3410.0,29198.0
1691109497474,-13830.0,29198.0
1691109508760,-15760.0,29198.0
1691109508760,-4080.0,29198.0
1691109512188,-4590.0,29198.0
1691109512188,-20.0,29198.0
1691109512188,-270.0,29198.0
1691109512188,-4990.0,29198.0
1691109512188,-4990.0,29198.0
1691109512188,-4980.0,29198.0
1691109516714,-20.0,29198.0
1691109516714,-190.0,29197.0
1691109516714,-1270.0,29198.0
1691109516714,-470.0,29198.0
1691109516714,-30.0,29198.0
1691109516714,-5840.0,29198.0
1691109523739,-12000.0,29194.5
1691109523756,-10.0,29193.0
1691109523756,-130.0,29193.0
1691109525429,180.0,29189.5
1691109550501,-260.0,29189.0
1691109581461,30.0,29189.5
1691109581461,40.0,29189.5
1691109581461,300.0,29189.5
1691109591225,30.0,29193.0
1691109644688,-30.0,29192.5
1691109660724,320.0,29193.0
1691109660724,30.0,29193.0
1691109660724,12550.0,29193.0
1691109660724,12550.0,29193.0
1691109660724,30.0,29193.0
1691109728175,-350.0,29196.5
1691109763697,-30.0,29196.5
1691109800518,-270.0,29196.5
1691109820001,1620.0,29197.0
1691109820001,840.0,29197.0
1691109820008,9030.0,29197.0
1691109820022,2090.0,29197.0
1691109820022,120.0,29197.0
1691109820022,1880.0,29197.0
1691109820106,1430.0,29197.0
1691109820114,270.0,29197.0
1691109820114,300.0,29198.0
1691109820114,9090.0,29197.0
1691109820114,30.0,29197.0
1691109820130,500.0,29198.0
1691109858027,800.0,29202.5
1691109858027,300.0,29202.5
1691109858027,13500.0,29202.5
1691109865803,780.0,29202.5
1691109865803,50.0,29202.5
1691109865803,4830.0,29202.5
1691109865803,7560.0,29202.5
1691109865803,130.0,29202.5
1691109867762,30.0,29205.0
1691109867762,5210.0,29204.0
1691109867762,1490.0,29204.5
1691109868025,50.0,29205.5
1691109880177,19840.0,29207.0
1691109884101,4590.0,29207.0
1691109884101,800.0,29207.0
1691109884101,200.0,29207.0
1691109884101,40.0,29207.0
1691109884101,1520.0,29209.0
1691109884101,9640.0,29208.5
1691109884887,19700.0,29211.0
1691109884887,60.0,29210.0
1691109884887,80.0,29210.0
1691109885205,20.0,29211.0
1691109888117,7450.0,29211.0
1691109888117,1010.0,29211.0
1691109903590,1480.0,29213.5
1691109903590,520.0,29213.5
1691109903906,620.0,29213.5
1691109913549,150.0,29216.5
1691109931121,220.0,29216.5
1691109931121,880.0,29216.5
1691109931121,6390.0,29217.5
1691109931121,390.0,29216.5
1691109931121,780.0,29217.5
1691109931121,10.0,29216.5
1691109931121,180.0,29216.5
1691109933887,5840.0,29218.5
1691109933887,5150.0,29218.5
1691109933887,1750.0,29218.5
1691109933887,860.0,29218.5
1691109933891,100.0,29218.5
1691109951278,-330.0,29219.0
1691109951278,-910.0,29219.0
1691109951278,-40.0,29219.0
1691109962434,-7590.0,29218.0
1691109962434,-1200.0,29218.0
1691109962439,-4410.0,29218.0
1691109962455,-100.0,29217.0
1691109962493,-2470.0,29216.0
1691109962516,-780.0,29215.0
1691109962516,-2000.0,29215.0
1691109962530,-5840.0,29214.5
1691109963248,2000.0,29215.0
1691109983460,10.0,29213.5
1691109983739,-30.0,29213.0
1691109984033,-50.0,29211.5
1691109984855,10.0,29210.5
1691110023160,-80.0,29210.0
1691110067362,-670.0,29209.0
1691110082301,-1090.0,29209.0
1691110082729,-12000.0,29207.5
1691110136036,-270.0,29205.0
1691110160215,-60.0,29201.5
1691110187704,-5770.0,29201.5
1691110187704,-70.0,29201.5
1691110191219,-220.0,29201.5
1691110221221,-30.0,29201.5
1691110255687,-220.0,29201.5
1691110288990,-20.0,29201.5
1691110321551,-210.0,29201.5
1691110342547,-30.0,29201.5
1691110373416,-220.0,29201.5
1691110412283,-20.0,29201.5
1691110438940,-60.0,29201.5
1691110438940,-30.0,29201.5
1691110438940,-90.0,29201.5
1691110445505,150.0,29202.0
1691110445505,160.0,29202.0
1691110445505,260.0,29202.0
1691110445505,740.0,29202.0
1691110445505,50.0,29202.0
1691110445505,7400.0,29202.0
1691110456562,20000.0,29202.0
1691110456569,3700.0,29202.0
1691110456569,30.0,29202.0
1691110456569,70.0,29202.0
1691110456569,20.0,29202.0
1691110456569,850.0,29202.0
1691110456581,1110.0,29203.5
1691110467397,10.0,29210.5
1691110467436,6090.0,29210.5
1691110515823,5840.0,29216.0
1691110515823,70.0,29216.0
1691110515887,1520.0,29216.0
1691110515887,4600.0,29216.0
1691110515887,60.0,29216.0
1691110518289,2000.0,29220.0
1691110518917,380.0,29220.0
1691110518917,1500.0,29220.0
1691110590257,6570.0,29220.5
1691110590258,750.0,29220.5
1691110590258,30.0,29220.5
1691110590258,14170.0,29220.5
1691110590259,360.0,29220.5
1691110590259,9570.0,29220.5
1691110590259,50.0,29220.5
1691110590315,19840.0,29220.5
1691110595749,2340.0,29220.5
1691110595749,2470.0,29220.5
1691110595749,9390.0,29220.5
1691110595749,260.0,29220.5
1691110595749,150.0,29220.5
1691110595759,14610.0,29220.5
1691110595769,14610.0,29220.5
1691110596650,780.0,29220.5
1691110597841,790.0,29220.5
1691110597845,1430.0,29220.5
1691110597845,2540.0,29220.5
1691110597845,9820.0,29220.5
1691110602482,760.0,29220.5
1691110602574,19840.0,29220.5
1691110602575,3350.0,29220.5
1691110602577,4340.0,29220.5
1691110602579,16650.0,29220.5
1691110602580,3400.0,29220.5
1691110602581,17270.0,29220.5
1691110602665,70.0,29220.5
1691110602786,14610.0,29220.5
1691110602791,4820.0,29220.5
1691110602794,14360.0,29220.5
1691110602795,80.0,29220.5
1691110602829,790.0,29220.5
1691110602875,800.0,29220.5
1691110604321,80.0,29220.5
1691110604518,9610.0,29220.5
1691110604761,6000.0,29220.5
1691110607448,700.0,29220.5
1691110607925,800.0,29220.5
1691110609297,840.0,29220.5
1691110610309,800.0,29220.5
1691110610374,800.0,29220.5
1691110610379,810.0,29220.5
1691110610445,790.0,29220.5
1691110610445,19840.0,29220.5
1691110610446,50.0,29220.5
1691110610446,5880.0,29221.5
1691110610446,18850.0,29220.5
1691110610446,40.0,29220.5
1691110610457,5380.0,29221.5
1691110610468,790.0,29222.0
1691110610499,220.0,29222.0
1691110610499,3020.0,29223.5
1691110610499,2650.0,29222.0
1691110610499,30.0,29223.0
1691110610499,7840.0,29222.0
1691110616172,80.0,29225.5
1691110625200,2350.0,29225.5
1691110625200,150.0,29228.5
1691110625200,70.0,29225.5
1691110634253,-400.0,29232.5
1691110634253,-6770.0,29232.5
1691110634253,-1280.0,29232.5
1691110634253,-6790.0,29232.5
1691110634253,-4750.0,29232.5
1691110634274,-130.0,29232.5
1691110634274,-3370.0,29232.5
1691110678062,-12000.0,29229.5
1691110678062,-1400.0,29229.5
1691110734545,80.0,29227.0
1691110734976,810.0,29227.0
1691110752645,90.0,29227.0
1691110752645,110.0,29227.0
1691110752645,100.0,29227.0
1691110752705,170.0,29227.0
1691110752797,810.0,29227.0
1691110752916,870.0,29227.0
1691110799876,50.0,29227.0
1691110853192,30.0,29227.0
1691110862236,-1020.0,29226.5
1691110862236,-18820.0,29226.5
1691110864721,190.0,29227.0
1691110880306,-390.0,29226.5
1691110927628,260.0,29227.0
1691110942086,30.0,29227.0
1691110976267,-380.0,29226.5
1691110976267,-170.0,29226.5
1691110976267,-170.0,29226.5
1691110976267,-1000.0,29226.5
1691110976267,-10580.0,29226.5
1691110976331,-12000.0,29225.5
1691111012029,-30.0,29222.5
1691111012029,-50.0,29222.5
1691111020629,90.0,29220.0
1691111058248,-2000.0,29217.5
1691111065236,-40.0,29215.0
1691111073210,-10800.0,29211.0
1691111073214,-1080.0,29211.0
1691111073214,-9720.0,29211.0
1691111073215,-60.0,29211.0
1691111073215,-5000.0,29210.5
1691111073215,-780.0,29211.0
1691111073215,-560.0,29211.0
1691111073215,-2460.0,29211.0
1691111073219,-2000.0,29210.0
1691111073219,-780.0,29210.0
1691111099351,-2000.0,29205.0
1691111099351,-10.0,29205.0
1691111099351,-110.0,29205.0
1691111099351,-3720.0,29205.0
1691111172196,-50.0,29205.0
1691111172196,-80.0,29205.0
1691111172196,-18230.0,29205.0
1691111199359,-330.0,29202.0
1691111212174,-5100.0,29202.0
1691111224279,-10.0,29196.0
1691111224279,-50.0,29196.0
1691111224279,-10.0,29199.0
1691111224279,-60.0,29196.0
1691111224279,-30.0,29196.0
1691111258328,-20.0,29196.0
1691111279413,-20.0,29196.0
1691111287768,-10.0,29196.0
1691111288691,5700.0,29196.5
1691111288696,100.0,29196.5
1691111320658,-150.0,29196.0
1691111343194,8510.0,29196.5
1691111343194,3590.0,29196.5
1691111343194,3520.0,29196.5
1691111343194,10.0,29196.5
1691111343194,3600.0,29196.5
1691111343194,770.0,29196.5
1691111343205,260.0,29196.5
1691111343205,260.0,29196.5
1691111343205,140.0,29197.0
1691111343205,1360.0,29196.5
1691111343205,60.0,29197.0
1691111343205,20.0,29196.5
1691111343205,12720.0,29196.5
1691111343205,70.0,29196.5
1691111343205,260.0,29196.5
1691111343205,260.0,29196.5
1691111343205,260.0,29196.5
1691111343214,49350.0,29199.0
1691111343214,6410.0,29199.0
1691111407503,-1350.0,29200.0
1691111407503,-15340.0,29200.0
1691111419608,-30.0,29197.0
1691111419608,-250.0,29197.0
1691111419608,-110.0,29197.0
1691111421612,-2000.0,29195.0
1691111421612,-400.0,29195.0
1691111421612,-60.0,29195.0
1691111421612,-20.0,29195.0
1691111423602,-10.0,29189.0
1691111424996,-10.0,29188.0
1691111435097,-100.0,29188.0
1691111442949,10.0,29188.5
1691111442949,60.0,29189.0
1691111462564,130.0,29192.5
1691111462564,6380.0,29192.5
1691111462564,350.0,29192.5
1691111476238,230.0,29195.5
1691111476238,300.0,29195.5
1691111476329,2480.0,29198.0
1691111476407,30.0,29198.5
1691111476407,3180.0,29198.0
1691111476407,40.0,29198.5
1691111493502,10.0,29200.5
1691111532775,6000.0,29203.5
1691111532775,1310.0,29203.5
1691111532775,1310.0,29203.5
1691111532775,1310.0,29203.5
1691111532775,130.0,29203.5
1691111532775,16530.0,29203.5
1691111532775,1310.0,29203.5
1691111532775,1310.0,29203.5
1691111558166,-670.0,29203.5
1691111558166,-6910.0,29203.5
1691111591372,-10.0,29203.5
1691111591372,-150.0,29203.5
1691111591372,-6910.0,29203.5
1691111591372,-10.0,29203.5
1691111595107,-6960.0,29203.5
1691111595107,-90.0,29203.5
1691111595107,-6240.0,29203.5
1691111597382,-80.0,29200.5
1691111597396,-5840.0,29200.0
1691111687376,-20.0,29198.0
1691111703521,-50.0,29198.0
1691111717171,-50.0,29198.0
1691111741476,50.0,29198.5
1691111741476,80.0,29198.5
1691111741476,260.0,29198.5
1691111741476,810.0,29198.5
1691111741476,260.0,29198.5
1691111741476,390.0,29198.5
1691111741476,260.0,29198.5
1691111741476,50.0,29198.5
1691111741476,260.0,29198.5
1691111741476,260.0,29198.5
1691111746050,50.0,29203.0
1691111805451,-40.0,29206.5
1691111831405,14600.0,29207.0
1691111835264,10.0,29207.0
1691111835264,5320.0,29207.0
1691111835264,680.0,29207.0
1691111835264,5250.0,29207.0
1691111839388,1850.0,29210.0
1691111839388,90.0,29210.0
1691111839388,60.0,29210.0
1691111912653,-6970.0,29210.5
1691111912653,-170.0,29210.5
1691111912653,-1440.0,29210.5
1691111912653,-680.0,29210.5
1691111912653,-20.0,29210.5
1691111936023,-8260.0,29210.5
1691111936023,-5720.0,29210.5
1691111936023,-5720.0,29210.5
1691111936023,-140.0,29210.5
1691111936029,-10650.0,29210.5
1691111936029,-40.0,29210.5
1691111936029,-5700.0,29210.5
1691111936029,-700.0,29210.5
1691111936029,-5040.0,29210.5
1691111936029,-10.0,29210.5
1691111936149,-2000.0,29207.5
1691111936149,-100.0,29209.5
1691111936149,-12000.0,29207.5
1691111948441,10.0,29207.0
1691111949844,10.0,29207.0
1691111956390,-260.0,29206.5
1691111985627,-40.0,29206.5
1691112008835,14600.0,29207.0
1691112011820,10.0,29207.0
1691112011820,5260.0,29207.0
1691112011820,180.0,29207.0
1691112172810,240.0,29210.0
1691112172810,30.0,29210.0
1691112172810,30.0,29210.0
1691112174599,300.0,29210.0
1691112176571,300.0,29210.0
1691112178448,300.0,29210.0
1691112181096,300.0,29210.0
1691112183116,300.0,29210.0
1691112185474,300.0,29210.0
1691112187739,300.0,29210.0
1691112218542,-10.0,29209.5
1691112219957,-10.0,29209.5
1691112240520,-30.0,29209.5
1691112240520,-4750.0,29209.5
1691112240520,-870.0,29209.5
1691112240520,-23020.0,29209.5
1691112240527,-8150.0,29208.5
1691112240608,-4000.0,29206.5
1691112240608,-4350.0,29206.5
1691112240608,-5000.0,29207.0
1691112293502,10.0,29204.5
1691112294891,10.0,29204.5
1691112295434,-1510.0,29204.0
1691112295434,-30.0,29204.0
1691112295434,-10.0,29204.0
1691112318998,-30.0,29204.0
1691112348059,-340.0,29204.0
1691112358217,-340.0,29204.0
1691112358217,-1210.0,29204.0
1691112371468,-20.0,29204.0
1691112371468,-6460.0,29204.0
1691112371468,-820.0,29204.0
1691112371468,-40.0,29204.0
1691112371468,-12500.0,29204.0
1691112371478,-620.0,29204.0
1691112371479,-1850.0,29203.0
1691112371507,-2000.0,29202.5
1691112375251,-30.0,29197.0
1691112414159,-100.0,29195.0
1691112414159,-210.0,29195.0
1691112421519,-1640.0,29195.0
1691112442590,-690.0,29195.0
1691112442596,-2000.0,29195.0
1691112442596,-90.0,29195.0
1691112442596,-13360.0,29195.0
1691112442596,-1110.0,29195.0
1691112445911,-10.0,29191.5
1691112458451,-10.0,29191.5
1691112459840,-10.0,29191.5
1691112474124,-340.0,29191.5
1691112505810,-10.0,29191.5
1691112520295,150.0,29192.0
1691112520295,60.0,29192.0
1691112520295,150.0,29192.0
1691112520295,30.0,29192.0
1691112520295,2640.0,29192.0
1691112520295,170.0,29192.0
1691112520295,360.0,29192.0
1691112520295,150.0,29192.0
1691112520295,1260.0,29192.0
1691112520295,30.0,29192.0
1691112520295,6000.0,29192.0
1691112523454,2690.0,29195.0
1691112523454,30.0,29195.0
1691112585396,-620.0,29200.5
1691112585396,-8130.0,29200.5
1691112585396,-910.0,29200.5
1691112585396,-4200.0,29200.5
1691112593509,-500.0,29198.5
1691112599919,-340.0,29197.5
1691112607633,-550.0,29197.5
1691112607707,-750.0,29197.5
1691112609490,3520.0,29198.0
1691112609605,-810.0,29197.5
1691112628417,-150.0,29197.5
1691112634472,-500.0,29198.5
1691112654318,390.0,29198.0
1691112654318,1200.0,29198.0
1691112654318,710.0,29198.0
1691112654318,80.0,29198.0
1691112654318,60.0,29198.0
1691112654318,1200.0,29198.0
1691112654318,1200.0,29198.0
1691112654318,1200.0,29198.0
1691112654318,60.0,29198.0
1691112654318,1200.0,29198.0
1691112654318,1600.0,29198.0
1691112660790,1310.0,29198.5
1691112660790,1310.0,29198.5
1691112660790,1310.0,29198.5
1691112660790,1310.0,29198.5
1691112660790,1310.0,29198.5
1691112721993,60.0,29201.0
1691112727172,1250.0,29208.5
1691112767092,1460.0,29210.0
1691112767092,430.0,29210.0
1691112767092,170.0,29210.0
1691112777777,250.0,29211.0
1691112786626,1550.0,29211.0
1691112786626,8450.0,29211.0
1691112839933,280.0,29217.0
1691112840252,10000.0,29217.0
1691112844663,80.0,29217.0
1691112844663,60.0,29217.0
1691112844663,60.0,29217.0
1691112844663,40.0,29217.0
1691112850046,10000.0,29217.5
1691112853700,10000.0,29217.5
1691112868668,890.0,29217.5
1691112868668,4110.0,29217.5
1691112899281,320.0,29219.0
1691112923887,10.0,29220.0
1691112923887,19990.0,29220.0
1691112925416,12000.0,29220.0
1691112925416,810.0,29220.0
1691112925416,10.0,29220.0
1691112925416,20010.0,29220.0
1691112925633,1850.0,29221.0
1691112925675,120.0,29222.0
1691112925675,3720.0,29221.0
1691112925675,50.0,29222.0
1691112925675,100.0,29222.0
1691112925675,1670.0,29221.0
1691112938683,10.0,29225.5
1691112940100,10.0,29225.5
1691112957895,13480.0,29225.5
1691112957895,1130.0,29225.5
1691112958132,4150.0,29225.5
1691112958132,17350.0,29225.5
1691112958132,140.0,29225.5
1691112967479,290.0,29228.5
1691113018661,4150.0,29228.5
1691113018661,70.0,29228.5
1691113018661,5880.0,29229.0
1691113018661,10.0,29230.0
1691113018661,3200.0,29228.5
1691113025229,150.0,29231.5
1691113025229,200.0,29231.5
1691113027163,-10000.0,29233.5
1691113070116,-960.0,29233.5
1691113070116,-300.0,29233.5
1691113070116,-9170.0,29233.5
1691113070116,-10.0,29233.5
1691113070116,-9230.0,29233.5
1691113070116,-45140.0,29233.5
1691113070162,-5750.0,29232.0
1691113070162,-100.0,29232.5
1691113086220,-12000.0,29232.0
1691113086220,-11290.0,29232.0
1691113086228,-2920.0,29231.5
1691113086245,-3790.0,29231.0
1691113086965,30.0,29231.5
1691113143528,170.0,29231.0
1691113165652,-17030.0,29230.5
1691113165652,-2810.0,29230.5
1691113165658,-930.0,29230.5
1691113165658,-230.0,29230.5
1691113165658,-4990.0,29230.5
1691113165784,-30.0,29228.0
1691113225919,3950.0,29223.5
1691113225919,940.0,29223.5
1691113225957,4360.0,29223.5
1691113226289,2800.0,29223.5
1691113256262,6150.0,29223.5
1691113256303,7150.0,29223.5
1691113256303,22850.0,29223.5
1691113263559,210.0,29223.5
1691113326261,300.0,29223.5
1691113334098,-10.0,29223.0
1691113334098,-4120.0,29223.0
1691113334098,-800.0,29223.0
1691113334098,-4120.0,29223.0
1691113334098,-230.0,29223.0
1691113334098,-1250.0,29223.0
1691113334098,-6200.0,29223.0
1691113334098,-4120.0,29223.0
1691113336199,80.0,29220.5
1691113354223,-1600.0,29220.0
1691113354223,-4360.0,29220.0
1691113354223,-200.0,29220.0
1691113354223,-50.0,29220.0
1691113449716,160.0,29218.0
1691113485920,590.0,29218.0
1691113485920,300.0,29218.0
1691113485920,30.0,29218.0
1691113485920,6300.0,29218.0
1691113485920,19840.0,29218.0
1691113505492,-15620.0,29220.5
1691113505492,-4380.0,29220.5
1691113507684,30.0,29221.0
1691113507684,160.0,29221.0
1691113522431,-1650.0,29220.5
1691113522431,-15620.0,29220.5
1691113522431,-2730.0,29220.5
1691113522653,-20000.0,29220.5
1691113541265,30.0,29221.0
1691113556212,300.0,29221.0
1691113556212,19520.0,29221.5
1691113556212,20.0,29221.0
1691113556228,480.0,29221.5
1691113556296,-90.0,29222.5
1691113556714,300.0,29223.0
1691113577700,130.0,29224.0
1691113600622,20.0,29224.0
1691113626658,16660.0,29224.0
1691113632724,90.0,29224.0
1691113660223,10.0,29224.0
1691113694263,190.0,29224.0
1691113707580,-110.0,29223.5
1691113707580,-500.0,29223.5
1691113707580,-1180.0,29223.5
1691113707580,-10.0,29223.5
1691113707580,-2220.0,29223.5
1691113707580,-4100.0,29223.5
1691113707580,-150.0,29223.5
1691113707580,-2220.0,29223.5
1691113707580,-350.0,29223.5
1691113707580,-2220.0,29223.5
1691113707829,-30.0,29221.0
1691113707829,-20.0,29220.5
1691113707829,-2000.0,29220.0
1691113724138,-4560.0,29213.0
1691113724138,-650.0,29213.0
1691113724138,-2230.0,29213.0
1691113724138,-500.0,29213.0
1691113724138,-60.0,29213.0
1691113724138,-12000.0,29213.0
1691113728118,-6960.0,29213.0
1691113728128,-7020.0,29213.0
1691113728128,-500.0,29213.0
1691113728158,-20630.0,29212.0
1691113730367,-50.0,29210.0
1691113730367,-40.0,29210.0
1691113730367,-5010.0,29210.5
1691113778528,-10.0,29206.5
1691113779928,-10.0,29206.5
1691113808231,-1170.0,29206.5
1691113808231,-2200.0,29206.5
1691113808231,-4640.0,29206.5
1691113808231,-480.0,29206.5
1691113808293,-200.0,29204.0
1691113808301,-3510.0,29204.0
1691113808304,-5000.0,29203.5
1691113808304,-1400.0,29204.0
1691113808376,-2000.0,29202.5
1691113929744,360.0,29198.0
1691113929744,14220.0,29198.0
1691113929764,1110.0,29198.0
1691113929768,10660.0,29198.0
1691113929782,19840.0,29198.0
1691113929786,10800.0,29198.0
1691113929791,19580.0,29198.0
1691113929791,20000.0,29198.0
1691113929795,7670.0,29198.0
1691113929797,35540.0,29198.0
1691113929798,3280.0,29198.0
1691113929798,160.0,29198.0
1691113929803,130.0,29198.5
1691113929937,3070.0,29200.0
1691113929937,3070.0,29200.0
1691113929937,3070.0,29200.0
1691114122562,780.0,29206.0
1691114122562,60.0,29205.0
1691114126492,300.0,29207.0
1691114177321,860.0,29211.5
1691114177328,2590.0,29211.5
1691114214080,-500.0,29211.0
1691114214080,-6760.0,29211.0
1691114214080,-110.0,29211.0
1691114214080,-16050.0,29211.0
1691114214080,-60.0,29211.0
1691114214080,-16020.0,29211.0
1691114214080,-500.0,29211.0
1691114214096,-9270.0,29211.0
1691114214096,-480.0,29211.0
1691114214096,-8830.0,29211.0
1691114214096,-1410.0,29211.0
1691114214112,-5840.0,29211.0
1691114221067,-310.0,29211.0
1691114274528,-11990.0,29211.0
1691114274528,-1050.0,29211.0
1691114274529,-7160.0,29211.0
1691114274529,-4600.0,29211.0
1691114274529,-640.0,29211.0
1691114274529,-140.0,29211.0
1691114274529,-500.0,29211.0
1691114274532,-10400.0,29211.0
1691114274532,-110.0,29211.0
1691114301372,-80.0,29202.5
1691114332728,-220.0,29202.5
1691114333465,30.0,29203.0
1691114372184,4900.0,29203.0
1691114372187,100.0,29203.0
1691114394614,-280.0,29202.5
1691114394614,-5280.0,29202.5
1691114394614,-970.0,29202.5
1691114394614,-180.0,29202.5
1691114397140,-130.0,29202.5
1691114400624,-500.0,29202.5
1691114400624,-1320.0,29202.5
1691114400624,-4020.0,29202.5
1691114416570,4950.0,29203.0
1691114416570,3650.0,29203.0
1691114416574,100.0,29203.0
1691114417993,690.0,29203.0
1691114424231,5900.0,29203.0
1691114424235,100.0,29203.0
1691114458291,-110.0,29202.5
1691114461862,650.0,29203.0
1691114461862,690.0,29203.0
1691114461862,40.0,29203.0
1691114461862,18620.0,29203.0
1691114461864,40000.0,29203.0
1691114461875,5240.0,29203.0
1691114461892,20690.0,29203.0
1691114461905,14600.0,29203.0
1691114461923,12030.0,29203.0
1691114461926,34900.0,29203.0
1691114461926,50.0,29203.0
1691114461926,760.0,29203.0
1691114461926,720.0,29203.0
1691114461960,50.0,29206.0
1691114480843,1320.0,29210.5
1691114516900,-10.0,29210.0
1691114530067,1050.0,29210.5
1691114602739,-1210.0,29210.0
1691114602739,-4010.0,29210.0
1691114602739,-4090.0,29210.0
1691114602739,-4080.0,29210.0
1691114602739,-10.0,29210.0
1691114602739,-500.0,29210.0
1691114602739,-12000.0,29210.0
1691114602739,-280.0,29210.0
1691114602739,-50.0,29210.0
1691114602739,-4080.0,29210.0
1691114602739,-400.0,29210.0
1691114602739,-3890.0,29210.0
1691114602739,-200.0,29210.0
1691114640431,-130.0,29205.5
1691114645459,-890.0,29205.5
1691114645459,-3890.0,29205.5
1691114645459,-370.0,29205.5
1691114645459,-60.0,29205.5
1691114645460,-17260.0,29205.5
1691114645460,-2290.0,29205.5
1691114645460,-450.0,29205.5
1691114645469,-1800.0,29205.5
1691114656119,110.0,29203.0
1691114656119,19070.0,29203.0
1691114656119,20820.0,29203.0
1691114656194,19840.0,29203.0
1691114656325,30.0,29203.0
1691114656325,1310.0,29203.0
1691114656325,2170.0,29204.5
1691114656325,1310.0,29203.0
1691114656325,1310.0,29203.0
1691114656325,1310.0,29203.0
1691114656325,1310.0,29203.0
1691114656325,11090.0,29203.0
1691114663595,10.0,29206.0
1691114665005,10.0,29206.0
1691114723736,-10.0,29205.5
1691114725131,-10.0,29205.5
1691114785176,-4560.0,29205.5
1691114785176,-500.0,29205.5
1691114785176,-780.0,29205.5
1691114807451,-2410.0,29205.5
1691114807451,-20.0,29205.5
1691114807451,-50.0,29205.5
1691114807451,-4130.0,29205.5
1691114807451,-220.0,29205.5
1691114807453,-500.0,29205.5
1691114807453,-1720.0,29205.5
1691114807453,-1080.0,29205.5
1691114807598,-10.0,29202.5
1691114807598,-2000.0,29202.5
1691114807831,-10.0,29200.0
1691114807831,-10.0,29199.0
1691114882832,-450.0,29196.5
1691114882832,-90.0,29196.5
1691114882832,-270.0,29196.5
1691114882835,-290.0,29196.5
1691114882883,-120.0,29196.5
1691114882883,-610.0,29196.5
1691114882903,-790.0,29196.5
1691114883008,-200.0,29196.5
1691114883149,-2490.0,29196.5
1691114883149,-7530.0,29196.5
1691114883475,-800.0,29196.5
1691114885014,-520.0,29196.5
1691114885101,-230.0,29196.5
1691114885183,-780.0,29196.5
1691114885242,-300.0,29196.5
1691114886264,-4050.0,29196.5
1691114886264,-500.0,29196.5
1691114886264,-11080.0,29196.5
1691114886310,-10.0,29195.5
1691114886310,-10.0,29195.5
1691114886348,-560.0,29195.0
1691114886348,-300.0,29194.0
1691114909307,-5490.0,29191.0
1691114909307,-10.0,29191.0
1691114909307,-950.0,29191.0
1691114909307,-50.0,29191.0
1691114909307,-500.0,29191.0
1691114909597,-50.0,29190.0
1691114936486,-10.0,29188.5
1691114936486,-130.0,29188.5
1691114936486,-50.0,29188.5
1691114936486,-10.0,29188.5
1691114936494,-450.0,29188.5
1691114936494,-1380.0,29188.5
1691114936497,-430.0,29188.0
1691114936606,-120.0,29185.5
1691114936606,-60.0,29185.5
1691114936606,-30.0,29185.5
1691114936606,-30.0,29186.0
1691114936606,-100.0,29185.5
1691114936606,-12000.0,29186.0
1691114936606,-190.0,29185.5
1691114936606,-120.0,29185.5
1691114937203,-300.0,29181.5
1691114943620,33600.0,29181.5
1691114990249,-10.0,29181.0
1691115000946,-30.0,29181.0
1691115065650,-70.0,29181.0
1691115093776,-10.0,29181.0
1691115093776,-1040.0,29181.0
1691115093776,-4050.0,29181.0
1691115093776,-12590.0,29181.0
1691115093776,-10.0,29181.0
1691115093776,-5990.0,29181.0
1691115093776,-340.0,29181.0
1691115093776,-160.0,29181.0
1691115093776,-40.0,29181.0
1691115093776,-340.0,29181.0
1691115093776,-190.0,29181.0
1691115093776,-12590.0,29181.0
1691115093776,-500.0,29181.0
1691115093776,-340.0,29181.0
1691115093785,-150.0,29180.0
1691115093785,-5000.0,29180.5
1691115093828,-300.0,29178.0
1691115093828,-260.0,29175.5
1691115093828,-80.0,29178.0
1691115093828,-150.0,29178.0
1691115093828,-240.0,29178.0
1691115095090,-10.0,29175.5
1691115124432,-120.0,29175.5
1691115128772,-130.0,29175.5
1691115128772,-270.0,29175.5
1691115128772,-1000.0,29175.5
1691115128772,-30.0,29175.5
1691115128772,-380.0,29175.5
1691115128777,-12600.0,29175.5
1691115128819,-320.0,29174.5
1691115128819,-12000.0,29174.5
1691115137260,200.0,29172.0
1691115137265,100.0,29172.0
1691115144065,20000.0,29172.0
1691115144072,940.0,29172.0
1691115144072,19700.0,29172.0
1691115144072,570.0,29172.0
1691115144072,18790.0,29172.0
1691115144079,1390.0,29172.0
1691115144079,17960.0,29172.0
1691115144079,190.0,29172.0
1691115144079,10.0,29172.0
1691115144131,1340.0,29172.0
1691115144132,5830.0,29172.0
1691115144134,170.0,29172.0
1691115144134,17370.0,29172.0
1691115144134,1110.0,29172.0
1691115144134,1190.0,29172.0
1691115144240,2590.0,29172.0
1691115144255,9190.0,29172.0
1691115146714,19840.0,29172.0
1691115150302,140.0,29172.5
1691115192248,-500.0,29175.0
1691115192248,-70.0,29175.0
1691115192248,-12610.0,29175.0
1691115192248,-960.0,29175.0
1691115192248,-360.0,29175.0
1691115192251,-1070.0,29174.5
1691115218583,-500.0,29172.0
1691115239247,14520.0,29168.0
1691115239249,1080.0,29168.0
1691115239338,40.0,29168.0
1691115239338,19800.0,29168.0
1691115239557,260.0,29168.0
1691115239557,1000.0,29168.0
1691115306541,19840.0,29172.0
1691115306714,7820.0,29172.0
1691115306714,9050.0,29172.0
1691115306714,2970.0,29172.0
1691115307041,-230.0,29171.5
1691115307132,19840.0,29172.0
1691115325627,220.0,29172.0
1691115325627,9510.0,29172.0
1691115325627,5700.0,29172.0
1691115325627,50.0,29172.0
1691115325627,60.0,29172.0
1691115325627,60.0,29172.0
1691115325671,-30.0,29174.5
1691115327097,1370.0,29175.0
1691115327097,10.0,29175.0
1691115327097,1370.0,29175.0
1691115327097,1370.0,29175.0
1691115327097,1370.0,29175.0
1691115327097,5000.0,29175.5
1691115327097,1370.0,29175.0
1691115327131,300.0,29176.0
1691115348639,-310.0,29179.0
1691115348639,-12600.0,29179.0
1691115348639,-750.0,29179.0
1691115348639,-10.0,29179.0
1691115348639,-12000.0,29179.0
1691115348639,-500.0,29179.0
1691115376038,3810.0,29174.0
1691115382348,1310.0,29177.0
1691115382348,1310.0,29177.0
1691115382348,320.0,29178.0
1691115382348,1310.0,29177.0
1691115382348,20.0,29177.0
1691115382348,1310.0,29177.0
1691115382348,350.0,29177.0
1691115382348,1310.0,29177.0
1691115382431,300.0,29179.5
1691115386984,-40.0,29182.5
1691115386984,-430.0,29182.5
1691115386984,-200.0,29182.5
1691115386984,-500.0,29182.5
1691115386984,-2660.0,29182.5
1691115438035,26180.0,29177.5
1691115438046,130.0,29177.5
1691115438046,60.0,29178.0
1691115438046,9690.0,29177.5
1691115488136,-330.0,29180.0
1691115513948,-30.0,29180.0
1691115550654,-330.0,29180.0
1691115580760,-40.0,29180.0
1691115600688,50.0,29180.5
1691115601206,50.0,29180.5
1691115608284,-260.0,29180.0
1691115643291,-30.0,29180.0
1691115668883,-270.0,29180.0
1691115705544,-60.0,29180.0
1691115739687,-220.0,29180.0
1691115755050,-30.0,29180.0
1691115755050,-2730.0,29180.0
1691115755050,-2720.0,29180.0
1691115755050,-500.0,29180.0
1691115755050,-90.0,29180.0
1691115755050,-550.0,29180.0
1691115755050,-500.0,29180.0
1691115755050,-5840.0,29180.0
1691115755050,-30.0,29180.0
1691115760676,-500.0,29172.5
1691115760676,-450.0,29172.5
1691115771471,-400.0,29167.5
1691115771471,-500.0,29167.5
1691115771471,-2000.0,29167.5
1691115780085,-500.0,29165.0
1691115780085,-2000.0,29165.0
1691115780085,-10.0,29165.5
1691115780114,-190.0,29164.5
1691115780114,-300.0,29164.0
1691115780114,-240.0,29164.5
1691115782891,-200.0,29162.5
1691115782891,-5000.0,29162.5
1691115782891,-30.0,29161.5
1691115782891,-90.0,29163.0
1691115782891,-100.0,29163.0
1691115782891,-300.0,29161.5
1691115782891,-2810.0,29163.0
1691115782891,-200.0,29163.0
1691115782891,-21380.0,29162.0
1691115782891,-2000.0,29162.5
1691115782891,-500.0,29163.0
1691115783112,-12000.0,29161.0
1691115783132,-300.0,29160.5
1691115783132,-5200.0,29159.5
1691115783132,-300.0,29160.5
1691115783132,-5000.0,29160.0
1691115783141,-3030.0,29159.5
1691115783143,-1820.0,29159.5
1691115783143,-16770.0,29159.5
1691115783179,-25000.0,29159.0
1691115783195,-300.0,29158.5
1691115783195,-300.0,29157.5
1691115783211,-1310.0,29159.0
1691115783217,-300.0,29156.0
1691115783217,-1150.0,29155.5
1691115783217,-300.0,29156.5
1691115783217,-3690.0,29159.0
1691115783247,-2930.0,29155.5
1691115783247,-2540.0,29155.5
1691115783251,-300.0,29152.0
1691115783251,-300.0,29152.5
1691115783251,-2470.0,29153.0
1691115783251,-200.0,29155.0
1691115783251,-3380.0,29155.5
1691115783253,-100.0,29151.5
1691115783284,-390.0,29151.5
1691115783284,-200.0,29151.5
1691115783291,-290.0,29151.0
1691115783331,-1400.0,29151.0
1691115783464,-40.0,29151.0
1691115783695,-120.0,29150.0
1691115783695,-5000.0,29151.0
1691115783695,-300.0,29149.5
1691115783695,-12000.0,29150.5
1691115783695,-5150.0,29151.0
1691115784247,2000.0,29149.0
1691115785206,1560.0,29149.0
1691115785206,10960.0,29149.0
1691115785206,480.0,29149.0
1691115785401,2000.0,29149.0
1691115786025,2000.0,29149.0
1691115787133,2000.0,29149.0
1691115788399,-20.0,29148.5
1691115789277,10.0,29149.0
1691115789277,100.0,29149.0
1691115790350,-20.0,29148.5
1691115790552,-20.0,29148.5
1691115790587,-40.0,29148.5
1691115790587,-240.0,29148.5
1691115818767,2000.0,29149.0
1691115820959,20.0,29149.0
1691115820959,1980.0,29149.0
1691115823242,2000.0,29149.0
1691115823292,-4500.0,29148.5
1691115824382,120.0,29149.0
1691115828070,-500.0,29148.5
1691115828070,-180.0,29148.5
1691115828070,-5360.0,29148.5
1691115828070,-5830.0,29148.5
1691115828078,-1120.0,29148.0
1691115828082,-100.0,29148.0
1691115833331,-1780.0,29148.0
1691115839078,-2550.0,29148.0
1691115839078,-500.0,29148.0
1691115839078,-500.0,29148.0
1691115839171,-8670.0,29147.5
1691115839171,-2600.0,29147.5
1691115840208,-300.0,29146.0
1691115841107,-1740.0,29146.0
1691115841107,-5530.0,29146.0
1691115841134,-50.0,29145.5
1691115841134,-60.0,29145.5
1691115841140,-300.0,29143.5
1691115841140,-250.0,29145.0
1691115841140,-300.0,29145.0
1691115841312,500.0,29143.0
1691115841541,-600.0,29142.5
1691115841541,-2000.0,29142.5
1691115841541,-1820.0,29141.5
1691115841541,-10.0,29142.0
1691115841639,-23180.0,29141.5
1691115841639,-6950.0,29141.5
1691115841649,-300.0,29140.0
1691115841649,-3600.0,29139.5
1691115841654,-4390.0,29139.0
1691115841654,-1400.0,29139.5
1691115841662,-1030.0,29139.0
1691115841665,-420.0,29139.5
1691115841665,-1500.0,29139.0
1691115841668,-40.0,29139.0
1691115841692,-80450.0,29139.0
1691115841693,-4330.0,29139.0
1691115841695,-4530.0,29139.0
1691115841700,-8150.0,29139.0
1691115841701,-4070.0,29139.0
1691115841703,-3060.0,29139.0
1691115841733,-7850.0,29138.0
1691115841733,-300.0,29138.0
1691115841735,-4070.0,29138.0
1691115841736,5000.0,29138.5
1691115841736,-580.0,29138.0
1691115841758,-910.0,29138.0
1691115841770,-21740.0,29137.5
1691115841795,-3840.0,29137.0
1691115841795,-5860.0,29132.0
1691115841795,-3370.0,29129.0
1691115841795,-150.0,29135.0
1691115841795,-2730.0,29137.0
1691115841795,-2850.0,29130.0
1691115841795,-300.0,29129.0
1691115841852,-1300.0,29136.0
1691115841870,-20.0,29136.0
1691115841939,-100.0,29136.0
1691115842036,-40.0,29132.0
1691115843896,10820.0,29132.5
1691115843896,4330.0,29132.5
1691115843897,3640.0,29132.5
1691115843905,11450.0,29132.5
1691115843924,390.0,29132.5
1691115843924,430.0,29132.5
1691115843924,440.0,29132.5
1691115843924,1480.0,29132.5
1691115850948,300.0,29135.5
1691115850948,19540.0,29135.5
1691115851139,19840.0,29135.5
1691115851145,11880.0,29135.5
1691115851767,200.0,29135.5
1691115852031,2790.0,29135.5
1691115852031,5430.0,29135.5
1691115852031,5430.0,29135.5
1691115852031,180.0,29136.0
1691115852031,25700.0,29135.5
1691115852031,4670.0,29135.5
1691115852031,7640.0,29135.5
1691115852657,-20000.0,29141.5
1691115852657,-40800.0,29141.5
1691115865002,-6000.0,29141.5
1691115865002,-500.0,29141.5
1691115865002,-140.0,29141.5
1691115865002,-1230.0,29141.5
1691115885075,-860.0,29140.0
1691115885078,-500.0,29140.0
1691115885078,-4700.0,29139.0
1691115885078,-30.0,29139.0
1691115885078,-1550.0,29140.0
1691115885106,-2000.0,29137.5
1691115885111,-7870.0,29134.5
1691115885111,-5000.0,29135.5
1691115885111,-4470.0,29132.5
1691115885111,-8040.0,29136.5
1691115885111,-19190.0,29132.0
1691115885119,-2190.0,29137.5
1691115885171,-4070.0,29132.5
1691115885171,-600.0,29132.5
1691115885282,-9600.0,29132.0
1691115885282,-650.0,29132.0
1691115885282,-5000.0,29132.0
1691115885295,-800.0,29131.0
1691115885305,-800.0,29131.0
1691115885311,-800.0,29131.0
1691115885311,-6500.0,29131.0
1691115885315,-420.0,29131.0
1691115885320,-2920.0,29129.0
1691115885324,-5820.0,29129.0
1691115885324,-4560.0,29128.5
1691115885324,-1260.0,29129.0
1691115885333,-10.0,29130.0
1691115885336,-4990.0,29130.0
1691115885359,-9650.0,29127.5
1691115885359,-5090.0,29128.5
1691115885359,-11070.0,29129.0
1691115885438,-7250.0,29126.5
1691115885438,-350.0,29126.5
1691115885619,-3660.0,29126.5
1691115885658,-4700.0,29125.5
1691115885677,-6710.0,29122.5
1691115885677,-5000.0,29125.0
1691115885677,-1090.0,29125.5
1691115885677,-9650.0,29123.5
1691115885677,-300.0,29124.0
1691115885759,-870.0,29122.5
1691115885759,-16750.0,29121.0
1691115885759,-500.0,29122.0
1691115885759,-2920.0,29122.5
1691115885890,2000.0,29121.5
1691115885968,-40.0,29121.0
1691115886218,-12000.0,29120.0
1691115886218,-2730.0,29120.0
1691115886218,-300.0,29121.0
1691115886218,-5110.0,29121.0
1691115886218,-1630.0,29121.0
1691115886231,-55230.0,29116.5
1691115886231,-5000.0,29117.0
1691115886413,-1500.0,29116.5
1691115886520,-5000.0,29116.0
1691115886520,-300.0,29116.0
1691115886541,-2420.0,29116.0
1691115886564,-200.0,29115.0
1691115886632,-3580.0,29113.0
1691115886640,-3390.0,29112.5
1691115886640,-1420.0,29113.0
1691115886640,-450.0,29115.0
1691115886712,-1590.0,29112.5
1691115886712,-1510.0,29112.5
1691115886712,-2500.0,29112.0
1691115886821,-50.0,29112.0
1691115887049,-500.0,29112.0
1691115887049,-12490.0,29112.0
1691115887049,-200.0,29112.0
1691115887049,-6650.0,29112.0
1691115887075,900.0,29112.5
1691115887115,-560.0,29112.0
1691115887115,-920.0,29112.0
1691115887288,-11450.0,29109.0
1691115887295,-4260.0,29109.0
1691115887295,-1000.0,29109.0
1691115887295,-13550.0,29109.0
1691115887296,-5040.0,29109.0
1691115887301,-5000.0,29108.5
1691115887351,-300.0,29107.0
1691115887351,-4710.0,29106.0
1691115887436,-10.0,29105.0
1691115887442,-10.0,29105.0
1691115887442,-9330.0,29105.0
1691115888013,70.0,29105.5
1691115888013,30.0,29105.5
1691115888082,-20.0,29105.0
1691115888167,-20.0,29105.0
1691115888169,-20.0,29105.0
1691115888520,560.0,29105.5
1691115888520,14020.0,29105.5
1691115888520,370.0,29105.5
1691115888523,1100.0,29106.0
1691115888585,10040.0,29106.0
1691115888589,2550.0,29106.0
1691115888589,3980.0,29106.0
1691115888874,2000.0,29112.0
1691115888899,-2210.0,29111.5
1691115888927,-1160.0,29111.5
1691115889145,-1650.0,29111.5
1691115889149,1160.0,29112.0
1691115889152,-430.0,29111.5
1691115889152,-160.0,29111.5
1691115889185,-5410.0,29111.5
1691115889191,-1160.0,29111.5
1691115889217,-650.0,29111.5
1691115889221,-200.0,29111.5
1691115889221,-980.0,29111.5
1691115889221,-210.0,29111.5
1691115889265,2000.0,29112.0
1691115889351,-300.0,29111.5
1691115889396,-300.0,29111.5
1691115889522,4670.0,29112.0
1691115889581,-20.0,29111.5
1691115889593,1280.0,29112.0
1691115889595,20.0,29112.0
1691115889595,3910.0,29112.0
1691115889596,9780.0,29112.0
1691115889596,440.0,29112.0
1691115889596,1130.0,29112.0
1691115889710,-5810.0,29117.5
1691115890375,2000.0,29120.5
1691115891897,130.0,29120.5
1691115900524,-370.0,29120.0
1691115900524,-18960.0,29120.0
1691115900524,-500.0,29120.0
1691115900524,-1000.0,29120.0
1691115900524,-2740.0,29120.0
1691115905416,-1000.0,29117.0
1691115905416,-590.0,29117.0
1691115905416,-380.0,29117.0
1691115905416,-2810.0,29117.0
1691115905416,-470.0,29117.0
1691115905416,-3140.0,29117.0
1691115905416,-1000.0,29117.0
1691115905416,-500.0,29117.0
1691115905416,-740.0,29117.0
1691115905416,-1000.0,29117.0
1691115905416,-1000.0,29117.0
1691115905416,-1000.0,29117.0
1691115905506,-2800.0,29114.5
1691115908072,-2820.0,29114.5
1691115908083,-1920.0,29114.5
1691115908083,-500.0,29114.5
1691115908083,-810.0,29114.5
1691115908083,-2810.0,29114.5
1691115909821,1640.0,29108.0
1691115909833,11800.0,29108.0
1691115909835,26560.0,29108.0
1691115909835,10590.0,29108.0
1691115909835,2500.0,29108.0
1691115909835,350.0,29108.0
1691115909921,1060.0,29108.0
1691115909921,1000.0,29108.0
1691115911656,250.0,29109.0
1691115911656,100.0,29109.0
1691115915201,130.0,29115.0
1691115915201,170.0,29115.0
1691115915213,50920.0,29115.0
1691115915213,20110.0,29115.0
1691115917834,2000.0,29120.5
1691115918222,2000.0,29120.5
1691115918433,-60.0,29120.0
1691115920202,1310.0,29120.5
1691115920202,3210.0,29120.5
1691115920202,1800.0,29120.5
1691115920202,22140.0,29121.5
1691115920202,1310.0,29120.5
1691115920202,1310.0,29120.5
1691115920202,110.0,29121.0
1691115920202,1310.0,29120.5
1691115920202,1310.0,29120.5
1691115920267,100.0,29124.0
1691115920692,20.0,29124.0
1691115920937,5920.0,29124.0
1691115927903,920.0,29130.0
1691115927903,2030.0,29130.0
1691115927903,60.0,29130.0
1691115928000,580.0,29130.0
1691115951342,100.0,29135.0
1691115951342,280.0,29135.0
1691115951398,1900.0,29135.5
1691115955646,-190.0,29141.0
1691115975423,20.0,29141.5
1691115987348,-100.0,29141.0
1691116004675,6000.0,29141.5
1691116005361,260.0,29141.5
1691116006746,580.0,29141.5
1691116011242,360.0,29141.5
1691116011242,24140.0,29141.5
1691116011242,12590.0,29141.5
1691116011242,4850.0,29141.5
1691116011242,190.0,29141.5
1691116011337,1520.0,29143.5
1691116011337,21960.0,29143.5
1691116011340,9460.0,29143.5
1691116011516,20.0,29148.0
1691116011622,20.0,29148.0
1691116015272,20.0,29148.0
1691116023570,10.0,29148.0
1691116023570,10.0,29148.0
1691116091805,-260.0,29149.5
1691116091805,-130.0,29149.5
1691116091866,1830.0,29151.0
1691116091866,9870.0,29151.5
1691116091866,9180.0,29150.0
1691116091866,8250.0,29152.5
1691116091866,80.0,29150.0
1691116155992,-350.0,29152.0
1691116156762,270.0,29152.5
1691116159627,230.0,29152.5
1691116159652,700.0,29152.5
1691116159657,30.0,29153.0
1691116159657,10.0,29153.0
1691116159657,340.0,29152.5
1691116159657,980.0,29152.5
1691116160463,1780.0,29156.0
1691116160463,200.0,29155.0
1691116160463,20.0,29155.5
1691116160549,290.0,29156.0
1691116162117,5070.0,29156.5
1691116162117,1000.0,29156.0
1691116162117,10170.0,29156.0
1691116165444,-10.0,29162.0
1691116226210,-250.0,29162.0
1691116245565,120.0,29162.5
1691116245569,430.0,29162.5
1691116245569,430.0,29162.5
1691116245572,270.0,29162.5
1691116245579,760.0,29162.5
1691116245580,790.0,29162.5
1691116245581,820.0,29162.5
1691116245582,190.0,29162.5
1691116245630,520.0,29162.5
1691116245639,380.0,29162.5
1691116245645,270.0,29162.5
1691116245663,680.0,29162.5
1691116257475,580.0,29162.5
1691116259832,290.0,29162.5
1691116259856,130.0,29162.5
1691116259856,210.0,29162.5
1691116259856,14140.0,29162.5
1691116259856,180.0,29162.5
1691116259856,200.0,29162.5
1691116261530,-7570.0,29169.5
1691116262190,20.0,29170.0
1691116262230,20.0,29170.0
1691116266256,12400.0,29170.5
1691116266256,780.0,29170.5
1691116277694,29210.0,29175.0
1691116324520,30.0,29175.0
1691116346538,-240.0,29174.5
1691116377107,10.0,29178.0
1691116377107,340.0,29175.0
1691116377107,170.0,29175.0
1691116377107,80.0,29175.0
1691116377107,10.0,29178.0
1691116377107,20130.0,29175.0
1691116377107,800.0,29175.5
1691116377107,420.0,29175.0
1691116377107,150.0,29177.5
1691116377107,160.0,29175.0
1691116377107,34620.0,29179.0
1691116377107,1470.0,29176.5
1691116418679,10.0,29179.0
1691116420073,10.0,29179.0
1691116435602,-400.0,29178.5
1691116438984,500.0,29179.0
1691116438984,780.0,29179.0
1691116438984,50.0,29179.0
1691116438984,17990.0,29179.0
1691116438984,60.0,29179.0
1691116438984,90.0,29179.0
1691116460513,400.0,29180.5
1691116460513,4510.0,29180.5
1691116460513,150.0,29180.5
1691116460513,150.0,29180.5
1691116465212,-100.0,29181.5
1691116480039,30.0,29182.0
1691116487159,-500.0,29181.5
1691116487159,-12000.0,29181.5
1691116487159,-290.0,29181.5
1691116487159,-1950.0,29181.5
1691116487159,-40.0,29181.5
1691116487159,-1560.0,29181.5
1691116487159,-280.0,29181.5
1691116487159,-1690.0,29181.5
1691116487159,-1690.0,29181.5
1691116487164,-100.0,29181.5
1691116487170,-220.0,29181.5
1691116487170,-10.0,29181.5
1691116487170,-1840.0,29181.5
1691116487233,-340.0,29180.5
1691116487233,-12700.0,29180.5
1691116492443,-3000.0,29178.5
1691116492443,-3000.0,29178.5
1691116492443,-610.0,29178.5
1691116492443,-12000.0,29178.5
1691116492443,-1230.0,29178.5
1691116524293,-100.0,29178.5
1691116554931,-40.0,29178.5
1691116554931,-500.0,29178.5
1691116569974,1000.0,29179.0
1691116569974,1090.0,29179.0
1691116569990,3920.0,29179.0
1691116569990,5010.0,29179.0
1691116569990,150.0,29179.0
1691116569990,510.0,29179.0
1691116620029,-2240.0,29181.5
1691116620029,-110.0,29181.5
1691116620029,-500.0,29181.5
1691116620029,-1370.0,29181.5
1691116620029,-110.0,29181.5
1691116644883,-100.0,29180.0
1691116682186,-400.0,29180.0
1691116682186,-140.0,29180.0
1691116706523,-40.0,29180.0
1691116737864,-460.0,29180.0
1691116768800,-20.0,29180.0
1691116787311,200.0,29180.5
1691116792942,760.0,29180.5
1691116798430,880.0,29180.5
1691116798446,790.0,29180.5
1691116798459,18730.0,29180.5
1691116798459,1110.0,29180.5
1691116799303,-410.0,29180.0
1691116799452,2800.0,29180.5
1691116800859,40.0,29180.5
1691116800893,50.0,29180.5
1691116800983,40.0,29180.5
1691116801002,30.0,29180.5
1691116816419,780.0,29180.5
1691116819199,18460.0,29180.5
1691116819199,30.0,29183.5
1691116819199,370.0,29180.5
1691116819199,20.0,29183.5
1691116819199,20.0,29180.5
1691116819199,3960.0,29180.5
1691116819199,9380.0,29185.0
1691116819199,5090.0,29180.5
1691116819199,40.0,29183.5
1691116819199,30.0,29183.0
1691116819199,5960.0,29180.5
1691116819199,9300.0,29185.0
1691116819199,4790.0,29180.5
1691116819199,50.0,29183.5
1691116819199,70.0,29180.5
1691116819199,790.0,29184.0
1691116827569,170.0,29185.0
1691116863805,40.0,29185.0
1691116863805,4400.0,29185.0
1691116863805,6300.0,29185.0
1691116863805,18450.0,29185.0
1691116917062,-890.0,29184.5
1691116917062,-90.0,29184.5
1691116917062,-500.0,29184.5
1691116917063,-630.0,29184.5
1691116917072,-1090.0,29184.0
1691116917119,-18760.0,29182.0
1691116917131,-28130.0,29182.0
1691116917169,-1870.0,29180.0
1691116918191,190.0,29180.0
1691116919038,-400.0,29179.5
1691116919905,-12000.0,29179.0
1691116919926,500.0,29179.0
1691116920849,2000.0,29176.5
1691116921246,2000.0,29176.5
1691116922352,480.0,29176.5
1691116954241,-20.0,29176.0
1691116981048,-480.0,29176.0
1691117015396,-80.0,29176.0
1691117046851,-30.0,29176.0
1691117046851,-420.0,29176.0
1691117058485,14580.0,29176.5
1691117067450,6090.0,29176.5
1691117067450,10280.0,29176.5
1691117067450,180.0,29176.5
1691117067450,14680.0,29176.5
1691117067450,23740.0,29176.5
1691117067450,10850.0,29176.5
1691117067460,160.0,29176.5
1691117067460,3880.0,29176.5
1691117067460,1170.0,29176.5
1691117067460,14730.0,29176.5
1691117067460,50.0,29176.5
1691117067537,-80.0,29176.0
1691117067547,10.0,29176.5
1691117067547,410.0,29176.5
1691117067547,490.0,29176.5
1691117067547,50.0,29176.5
1691117094576,360.0,29179.0
1691117094576,30.0,29179.0
1691117094576,30.0,29179.0
1691117123149,280.0,29179.0
1691117123151,750.0,29179.0
1691117123232,790.0,29179.0
1691117123252,20.0,29179.0
1691117123252,90.0,29179.0
1691117123252,420.0,29179.0
1691117123252,25220.0,29179.0
1691117123575,150.0,29187.5
1691117123575,3670.0,29184.5
1691117123575,25370.0,29187.5
1691117125005,8280.0,29187.5
1691117159375,-1300.0,29187.0
1691117159375,-500.0,29187.0
1691117159375,-430.0,29187.0
1691117194628,-10.0,29182.0
1691117213158,-70.0,29182.0
1691117213158,-3000.0,29182.0
1691117213158,-490.0,29182.0
1691117213158,-3000.0,29182.0
1691117213772,-810.0,29179.0
1691117213772,-650.0,29178.5
1691117213772,-60.0,29179.0
1691117213787,-28650.0,29178.5
1691117213787,-11350.0,29178.5
1691117213801,-20000.0,29178.5
1691117213814,-7370.0,29178.5
1691117213868,-7500.0,29176.5
1691117213868,-7500.0,29176.5
1691117213868,-4840.0,29176.5
1691117213892,-5000.0,29176.5
1691117215092,500.0,29175.0
1691117228243,-440.0,29174.5
1691117262098,-1080.0,29174.5
1691117262098,-500.0,29174.5
1691117262098,-10.0,29174.5
1691117262147,-70.0,29174.5
1691117262147,-1170.0,29174.5
1691117262197,-30.0,29173.0
1691117262197,-790.0,29173.5
1691117289289,-540.0,29171.0
1691117308279,-4660.0,29171.0
1691117308281,-4070.0,29171.0
1691117308281,-6800.0,29171.0
1691117308284,-70.0,29171.0
1691117308284,-7930.0,29171.0
1691117308284,-500.0,29171.0
1691117308284,-2010.0,29171.0
1691117308285,-7990.0,29171.0
1691117308289,-1170.0,29171.0
1691117308289,-5000.0,29171.0
1691117308294,-1600.0,29170.5
1691117308311,-6700.0,29169.5
1691117308342,-780.0,29169.5
1691117308346,-590.0,29169.0
1691117308346,-3220.0,29169.5
1691117308354,-190.0,29169.0
1691117308354,-5200.0,29168.5
1691117308406,5000.0,29167.0
1691117308437,-7200.0,29165.5
1691117308470,-5000.0,29166.0
1691117308470,-2200.0,29166.0
1691117308533,-5000.0,29166.0
1691117308533,-2200.0,29166.0
1691117308591,-7200.0,29165.5
1691117312849,-16500.0,29165.5
1691117312849,-500.0,29165.5
1691117312849,-2100.0,29165.5
1691117314756,-30.0,29160.5
1691117335920,3670.0,29161.0
1691117335920,7440.0,29161.0
1691117335920,1630.0,29161.0
1691117335920,3580.0,29161.0
1691117335920,320.0,29161.0
1691117335920,6920.0,29161.0
1691117335920,7390.0,29161.0
1691117335920,7430.0,29161.0
1691117335923,1180.0,29161.0
1691117335943,290.0,29161.0
1691117335943,10040.0,29161.0
1691117335943,40.0,29161.0
1691117335943,2670.0,29161.0
1691117335951,21500.0,29161.0
1691117335951,560.0,29161.0
1691117335981,4870.0,29161.5
1691117335984,2130.0,29161.5
1691117336381,2000.0,29170.5
1691117336779,2000.0,29170.5
1691117337879,2000.0,29170.5
1691117412820,-400.0,29172.5
1691117424668,-10.0,29172.5
1691117426079,-10.0,29172.5
1691117466406,-80.0,29172.5
1691117466406,-160.0,29172.5
1691117526614,-230.0,29172.5
1691117593256,-260.0,29172.5
1691117651588,-310.0,29172.5
1691117677649,-10.0,29172.5
1691117711570,-270.0,29172.5
1691117774631,-310.0,29172.5
1691117802239,-40.0,29172.5
1691117835337,-330.0,29172.5
1691117891848,-240.0,29172.5
1691117946336,-60.0,29172.5
1691117946336,-30.0,29172.5
1691117946336,-100.0,29172.5
1691117946336,-310.0,29172.5
1691117946336,-840.0,29172.5
1691117946336,-2720.0,29172.5
1691117946336,-80.0,29172.5
1691117946336,-500.0,29172.5
1691117946336,-3670.0,29172.0
1691117958082,-220.0,29171.5
1691117993374,-500.0,29171.5
1691117993374,-30.0,29171.5
1691118001736,-7500.0,29167.0
1691118001736,-100.0,29167.0
1691118001736,-80.0,29167.0
1691118001736,-500.0,29167.0
1691118001753,-5000.0,29164.0
1691118001776,5000.0,29162.0
1691118013945,-3430.0,29161.5
1691118013947,-500.0,29161.5
1691118013947,-110.0,29161.5
1691118013947,-8570.0,29161.5
1691118013961,-120.0,29158.5
1691118013961,-530.0,29157.5
1691118013961,-150.0,29158.5
1691118013969,-890.0,29157.5
1691118018083,-230.0,29156.0
1691118041069,9750.0,29156.5
1691118041069,8150.0,29156.5
1691118042326,-2570.0,29156.0
1691118062000,-8240.0,29156.0
1691118062024,-780.0,29156.0
1691118062128,-780.0,29156.0
1691118065421,-800.0,29156.0
1691118066470,-380.0,29156.0
1691118080762,-230.0,29156.0
1691118090026,-200.0,29156.0
1691118139296,-430.0,29156.0
1691118148898,-810.0,29156.0
1691118155153,-1050.0,29156.0
1691118155153,-1510.0,29156.0
1691118155153,-30.0,29156.0
1691118155153,-1510.0,29156.0
1691118155153,-90.0,29156.0
1691118155153,-1510.0,29156.0
1691118155153,-500.0,29156.0
1691118155153,-20.0,29156.0
1691118155158,-9600.0,29155.5
1691118155174,2710.0,29152.5
1691118155174,1360.0,29152.5
1691118155174,5980.0,29152.5
1691118155183,-790.0,29155.5
1691118155195,-800.0,29155.5
1691118155198,-2450.0,29155.5
1691118155252,-20.0,29151.0
1691118155325,-7200.0,29150.5
1691118155497,-790.0,29150.5
1691118155499,-890.0,29150.5
1691118155530,-280.0,29150.5
1691118155531,-810.0,29150.5
1691118155534,-790.0,29150.5
1691118155539,-340.0,29150.5
1691118155560,-810.0,29150.5
1691118155562,-790.0,29150.5
1691118155563,-1070.0,29150.5
1691118155572,-690.0,29150.5
1691118155578,-130.0,29150.5
1691118155586,-670.0,29150.5
1691118155590,-170.0,29150.5
1691118155593,-360.0,29150.5
1691118155599,-690.0,29150.5
1691118159282,-4520.0,29150.5
1691118159282,-500.0,29150.5
1691118164843,-2140.0,29146.5
1691118164844,-1170.0,29146.5
1691118164845,-500.0,29146.5
1691118164845,-18560.0,29146.5
1691118165126,-10.0,29139.0
1691118165126,-10.0,29141.5
1691118200704,100.0,29139.5
1691118202627,-330.0,29139.0
1691118256846,-380.0,29139.0
1691118256846,-170.0,29139.0
1691118287009,550.0,29139.5
1691118287009,1010.0,29139.5
1691118287009,12870.0,29139.5
1691118287009,5570.0,29139.5
1691118289601,-110.0,29139.0
1691118291458,40000.0,29139.5
1691118291461,19680.0,29139.5
1691118291468,19840.0,29139.5
1691118291470,9180.0,29139.5
1691118291480,2540.0,29139.5
1691118291480,13120.0,29139.5
1691118291559,4960.0,29139.5
1691118291559,830.0,29139.5
1691118291559,330.0,29139.5
1691118291559,620.0,29139.5
1691118291559,1620.0,29139.5
1691118291559,10.0,29139.5
1691118291559,5250.0,29139.5
1691118291559,5810.0,29139.5
1691118291559,970.0,29139.5
1691118291561,190.0,29140.0
1691118291561,60.0,29140.0
1691118291591,2750.0,29141.5
1691118291596,6960.0,29141.5
1691118291598,3160.0,29141.5
1691118291608,5080.0,29142.0
1691118291608,10.0,29142.5
1691118292733,2000.0,29149.0
1691118292883,19840.0,29149.0
1691118293234,2000.0,29151.5
1691118294331,2000.0,29151.5
1691118305419,-510.0,29151.0
1691118305419,-500.0,29151.0
1691118305419,-1490.0,29151.0
1691118305419,-6000.0,29151.0
1691118311374,-500.0,29144.0
1691118338500,140.0,29141.0
1691118338500,210.0,29141.0
1691118338504,13160.0,29141.0
1691118338504,30.0,29141.0
1691118338504,1380.0,29141.0
1691118338507,140.0,29141.0
1691118338508,1110.0,29141.0
1691118338508,7910.0,29141.0
1691118338512,520.0,29141.0
1691118338513,80.0,29141.0
1691118338569,50.0,29141.0
1691118338571,270.0,29141.0
1691118338574,750.0,29141.0
1691118338575,240.0,29141.0
1691118338585,230.0,29141.0
1691118338591,140.0,29141.0
1691118338718,200.0,29141.0
1691118338722,150.0,29141.0
1691118338727,210.0,29141.0
1691118338780,200.0,29141.0
1691118339054,19840.0,29141.0
1691118346714,-50.0,29140.5
1691118354461,530.0,29141.0
1691118354461,16930.0,29141.0
1691118354461,2380.0,29141.0
1691118356612,580.0,29141.0
1691118356714,3400.0,29141.0
1691118356714,6350.0,29141.0
1691118356714,4230.0,29141.0
1691118367195,19840.0,29143.0
1691118369882,270.0,29143.0
1691118369882,2280.0,29143.0
1691118369882,3400.0,29143.0
1691118369882,50.0,29143.0
1691118371050,9500.0,29143.0
1691118440317,-420.0,29149.0
1691118500159,-200.0,29149.0
1691118500159,-30.0,29149.0
1691118500159,-80.0,29149.0
1691118500159,-80.0,29149.0
1691118536589,19840.0,29149.5
1691118566192,-310.0,29149.0
1691118574876,3300.0,29149.5
1691118574876,9910.0,29149.5
1691118574876,3230.0,29149.5
1691118574876,3400.0,29149.5
1691118574878,210.0,29149.5
1691118574878,240.0,29149.5
1691118574980,5830.0,29150.0
1691118574980,60.0,29150.0
1691118574980,520.0,29150.5
1691118575075,10.0,29152.5
1691118575075,20.0,29152.5
1691118575077,-4990.0,29152.0
1691118596220,-9110.0,29157.0
1691118596220,-210.0,29157.0
1691118596220,-500.0,29157.0
1691118596220,-140.0,29157.0
1691118596226,-7370.0,29157.0
1691118596272,-6000.0,29156.0
1691118597329,120.0,29152.0
1691118601174,30.0,29152.0
1691118604503,-100.0,29151.5
1691118614382,-4270.0,29151.5
1691118614382,-12000.0,29151.5
1691118614382,-400.0,29151.5
1691118614382,-50.0,29151.5
1691118614478,-810.0,29150.0
1691118615329,670.0,29148.5
1691118623836,-10.0,29148.0
1691118641351,-20.0,29148.0
1691118641351,-4250.0,29148.0
1691118641351,-490.0,29148.0
1691118641351,-1070.0,29148.0
1691118660365,-290.0,29145.0
1691118660845,24080.0,29145.5
1691118662203,190.0,29145.5
1691118662424,790.0,29145.5
1691118662459,650.0,29145.5
1691118662492,500.0,29145.5
1691118662690,6770.0,29145.5
1691118664008,-1850.0,29150.5
1691118664008,-8150.0,29150.5
1691118716583,-270.0,29150.5
1691118733552,210.0,29151.0
1691118733552,30.0,29151.0
1691118733552,80.0,29151.0
1691118804308,50.0,29157.0
1691118804308,240.0,29157.0
1691118857086,20.0,29162.0
1691118872408,-110.0,29161.5
1691118925019,-340.0,29162.5
1691118957453,-210.0,29162.5
1691118969248,-1000.0,29162.5
1691118969248,-160.0,29162.5
1691118969248,-500.0,29162.5
1691118969248,-1020.0,29162.5
1691118969248,-1000.0,29162.5
1691118969248,-16310.0,29162.5
1691118969254,-19840.0,29162.5
1691118969350,-9240.0,29162.5
1691118969352,-100.0,29162.5
1691118969382,-16130.0,29162.5
1691118969382,-2100.0,29162.0
1691118969383,-30.0,29160.0
1691118969383,-6020.0,29162.0
1691118969383,-110.0,29161.5
1691118970392,40.0,29157.5
1691118984302,-500.0,29156.0
1691118992263,-130.0,29154.0
1691119024599,-230.0,29154.0
1691119055498,-30.0,29154.0
1691119058716,10.0,29154.5
1691119060120,10.0,29154.5
1691119083653,-250.0,29154.0
1691119103719,-10.0,29154.0
1691119105132,-10.0,29154.0
1691119109424,-70.0,29154.0
1691119136540,1180.0,29154.5
1691119136558,5770.0,29154.5
1691119136558,10.0,29154.5
1691119136558,3620.0,29154.5
1691119136558,5800.0,29154.5
1691119136558,4800.0,29154.5
1691119136701,100.0,29154.5
1691119136701,70.0,29154.5
1691119136701,40.0,29154.5
1691119136702,240.0,29154.5
1691119144068,30.0,29157.0
1691119144068,5880.0,29157.0
1691119144074,40.0,29157.5
1691119144074,30.0,29157.5
1691119206127,-260.0,29161.5
1691119232100,-40.0,29161.5
1691119265118,-220.0,29161.5
1691119287854,290.0,29162.0
1691119294212,-30.0,29161.5
1691119311012,320.0,29162.0
1691119311012,30.0,29162.0
1691119311012,10.0,29162.0
1691119311017,360.0,29162.0
1691119311112,270.0,29162.0
1691119311113,760.0,29162.0
1691119311114,4000.0,29162.0
1691119311115,30.0,29162.0
1691119311115,870.0,29162.0
1691119311233,3500.0,29165.0
1691119311233,50.0,29165.0
1691119311233,4000.0,29164.0
1691119311233,30.0,29165.0
1691119311233,7000.0,29164.5
1691119371108,460.0,29165.0
1691119371121,640.0,29165.0
1691119371122,200.0,29165.0
1691119371206,300.0,29165.0
1691119498247,880.0,29167.0
1691119513531,-1190.0,29166.5
1691119513531,-50.0,29166.5
1691119513531,-6000.0,29166.5
1691119513531,-170.0,29166.5
1691119513531,-12000.0,29166.5
1691119513531,-90.0,29166.5
1691119513531,-500.0,29166.5
1691119538756,10.0,29164.0
1691119540161,10.0,29164.0
1691119659594,360.0,29164.0
1691119659594,270.0,29164.0
1691119691879,100.0,29164.0
1691119753627,100.0,29164.0
1691119805294,140.0,29164.0
1691119805296,4000.0,29164.0
1691119805351,580.0,29164.0
1691119805353,2150.0,29164.0
1691119805353,1850.0,29164.0
1691119805355,2650.0,29164.0
1691119805422,230.0,29164.0
1691119805827,760.0,29164.0
1691119805893,6540.0,29164.0
1691119805893,1540.0,29164.0
1691119805893,160.0,29164.0
1691119805893,5070.0,29164.0
1691119805893,120.0,29164.0
1691119805893,4110.0,29164.0
1691119805893,760.0,29164.0
1691119806042,800.0,29166.5
1691119809566,70.0,29168.0
1691119809566,60.0,29168.0
1691119820311,-10.0,29167.5
1691119844282,10.0,29168.0
1691119874802,50.0,29168.0
1691119877563,310.0,29168.0
1691119884563,790.0,29168.0
1691119884567,30.0,29168.0
1691119884567,760.0,29168.0
1691119884572,790.0,29168.0
1691119884578,790.0,29168.0
1691119884621,300.0,29168.0
1691119884629,790.0,29168.0
1691119884649,790.0,29168.0
1691119884654,810.0,29168.0
1691119884773,620.0,29168.0
1691119884793,170.0,29168.0
1691119884793,240.0,29168.0
1691119884793,190.0,29168.0
1691119884795,780.0,29168.0
1691119943858,30.0,29168.0
1691119959943,30.0,29168.0
1691120055401,-20000.0,29167.5
1691120055401,-120.0,29167.5
1691120055401,-1010.0,29167.5
1691120055401,-20.0,29167.5
1691120055401,-500.0,29167.5
1691120055404,-6840.0,29167.5
1691120055409,-10820.0,29167.0
1691120055409,-29180.0,29167.5
1691120055454,-47900.0,29167.0
1691120055454,-9620.0,29166.0
1691120055501,-800.0,29165.5
1691120055537,-60.0,29164.5
1691120106145,-100.0,29163.5
1691120118175,-520.0,29163.5
1691120151409,-80.0,29163.5
1691120162843,-2300.0,29163.5
1691120162843,-500.0,29163.5
1691120162843,-40.0,29163.5
1691120162843,-420.0,29162.5
1691120162897,-4580.0,29162.5
1691120162897,-31240.0,29162.0
1691120162898,-7960.0,29162.0
1691120162923,-8000.0,29162.0
1691120163006,-5250.0,29161.0
1691120177960,-6290.0,29158.0
1691120178457,20000.0,29158.5
1691120178457,18340.0,29158.5
1691120178457,20120.0,29158.5
1691120182915,-130.0,29158.0
1691120184014,-80.0,29158.0
1691120184014,-1080.0,29158.0
1691120184014,-500.0,29158.0
1691120184014,-70.0,29158.0
1691120214937,-30.0,29155.5
1691120242445,-230.0,29155.5
1691120272362,-60.0,29155.5
1691120297881,2410.0,29156.0
1691120297881,4770.0,29156.0
1691120297881,5100.0,29156.0
1691120297881,3590.0,29156.0
1691120297881,10.0,29156.0
1691120297881,4120.0,29156.0
1691120297893,100.0,29156.0
1691120297893,10.0,29156.0
1691120297893,2370.0,29156.0
1691120297893,4360.0,29156.0
1691120297893,270.0,29156.0
1691120298663,-30.0,29158.5
1691120303284,790.0,29159.0
1691120303284,30.0,29159.0
1691120325519,4090.0,29159.0
1691120325519,540.0,29159.0
1691120325519,3320.0,29159.0
1691120325519,60.0,29159.0
1691120325519,280.0,29159.0
1691120391956,-500.0,29161.5
1691120391956,-5300.0,29161.5
1691120391956,-30.0,29161.5
1691120408746,-10.0,29159.0
1691120410152,-10.0,29159.0
1691120418775,-10.0,29159.0
1691120418775,-20890.0,29159.0
1691120418775,-120.0,29159.0
1691120418775,-500.0,29159.0
1691120418883,-5590.0,29155.5
1691120418883,-5000.0,29155.5
1691120422140,-12000.0,29152.5
1691120422140,-500.0,29152.5
1691120456332,-220.0,29150.0
1691120485096,-210.0,29150.0
1691120506188,-10.0,29150.0
1691120548390,-280.0,29150.0
1691120608094,-140.0,29150.0
1691120642147,-20.0,29150.0
1691120665821,-170.0,29150.0
1691120696383,-170.0,29150.0
1691120701139,5250.0,29150.5
1691120701173,4110.0,29150.5
1691120701173,2740.0,29150.5
1691120701173,2710.0,29150.5
1691120701173,3480.0,29150.5
1691120729921,-40.0,29150.0
1691120762939,-200.0,29150.0
1691120763413,40.0,29150.5
1691120763413,140.0,29150.5
1691120763413,3490.0,29150.5
1691120763413,3490.0,29150.5
1691120763413,5840.0,29150.5
1691120763413,10.0,29150.5
1691120763413,50.0,29150.5
1691120763413,3430.0,29150.5
1691120763413,780.0,29150.5
1691120788623,1900.0,29151.0
1691120788623,2970.0,29151.0
1691120788623,100.0,29151.0
1691120788623,30.0,29151.0
1691120816687,-290.0,29150.5
1691120855786,9020.0,29151.0
1691120855786,2870.0,29151.0
1691120855786,3670.0,29151.0
1691120855786,70.0,29151.0
1691120884423,-210.0,29150.5
1691120939363,-200.0,29150.5
1691120972067,-70.0,29150.5
1691120998343,-280.0,29150.5
1691121035378,-100.0,29150.5
1691121060114,-270.0,29150.5
1691121090427,-60.0,29150.5
1691121090644,-70.0,29150.5
1691121090644,-19770.0,29150.5
1691121110730,-19840.0,29150.5
1691121113691,-19840.0,29150.5
1691121113827,-8450.0,29150.5
1691121113827,-11390.0,29150.5
1691121116119,-7510.0,29150.5
1691121116713,-8350.0,29150.5
1691121116713,-11490.0,29150.5
1691121120257,-780.0,29150.5
1691121120902,-800.0,29150.5
1691121120931,-130.0,29150.5
1691121120931,-500.0,29150.5
1691121120931,-4840.0,29150.5
1691121120931,-9730.0,29150.5
1691121120932,-21750.0,29150.5
1691121120959,-5000.0,29148.0
1691121120974,-5000.0,29147.5
1691121121060,-10.0,29147.0
1691121121060,-16500.0,29147.0
1691121121094,-60.0,29144.5
1691121121128,-3570.0,29143.5
1691121123059,-260.0,29142.0
1691121150844,-140.0,29142.0
1691121187618,-360.0,29142.0
1691121187618,-100.0,29142.0
1691121213333,-230.0,29142.0
1691121234169,-500.0,29142.0
1691121234169,-9170.0,29142.0
1691121234169,-30.0,29142.0
1691121234169,-6380.0,29142.0
1691121234169,-520.0,29141.5
1691121245399,-490.0,29136.0
1691121275817,-170.0,29136.0
1691121300600,50.0,29136.5
1691121308761,-490.0,29136.0
1691121322198,5000.0,29136.5
1691121322202,830.0,29136.5
1691121322202,4160.0,29136.5
1691121322202,10.0,29136.5
1691121322203,6820.0,29136.5
1691121322203,5140.0,29136.5
1691121322203,8040.0,29136.5
1691121322249,50.0,29136.5
1691121322249,2940.0,29136.5
1691121322249,5140.0,29136.5
1691121322249,410.0,29136.5
1691121322249,30.0,29137.0
1691121322249,160.0,29136.5
1691121322249,30.0,29136.5
1691121322308,5830.0,29137.5
1691121322308,2910.0,29138.0
1691121322308,2910.0,29138.0
1691121334265,5140.0,29139.0
1691121334265,30.0,29139.0
1691121334265,5830.0,29140.5
1691121349979,750.0,29148.0
1691121349979,1200.0,29146.5
1691121349979,50.0,29146.0
1691121352533,-20.0,29147.5
1691121356196,180.0,29148.0
1691121356196,110.0,29148.0
1691121407455,-1420.0,29151.5
1691121407455,-10.0,29151.5
1691121425217,-480.0,29151.5
1691121431268,11760.0,29152.0
1691121431268,60.0,29152.0
1691121431268,250.0,29152.0
1691121493920,-430.0,29154.5
1691121519757,-340.0,29154.5
1691121549921,-400.0,29154.5
1691121574426,19840.0,29155.0
1691121582139,-270.0,29154.5
1691121708359,-1160.0,29154.5
1691121774317,90.0,29155.0
1691121774317,2920.0,29155.0
1691121774317,990.0,29155.0
1691121774317,10.0,29155.0
1691121774317,990.0,29155.0
1691121777608,30.0,29155.0
1691121780606,5000.0,29155.0
1691121794481,-520.0,29154.5
1691121826765,-190.0,29154.5
1691121853218,-50.0,29154.5
1691121881414,-160.0,29154.5
1691121907804,990.0,29155.0
1691121907804,12050.0,29155.0
1691121907849,410.0,29155.0
1691121907853,220.0,29155.0
1691121907853,580.0,29155.0
1691121907855,530.0,29155.0
1691121907856,240.0,29155.0
1691121907856,240.0,29155.0
1691121907856,140.0,29155.0
1691121907856,170.0,29155.0
1691121907861,230.0,29155.0
1691121907862,560.0,29155.0
1691121907864,780.0,29155.0
1691121907866,80.0,29155.0
1691121907867,810.0,29155.0
1691121907868,800.0,29155.0
1691121907870,210.0,29155.0
1691121907871,410.0,29155.0
1691121907873,810.0,29155.0
1691121907874,270.0,29155.0
1691121907875,400.0,29155.0
1691121907876,790.0,29155.0
1691121907878,710.0,29155.0
1691121907881,700.0,29155.0
1691121907883,680.0,29155.0
1691121907885,430.0,29155.0
1691121907897,580.0,29155.0
1691121907899,700.0,29155.0
1691121907903,20340.0,29155.0
1691121907904,7500.0,29155.0
1691121907921,120.0,29155.0
1691121907923,790.0,29155.0
1691121907930,200.0,29155.0
1691121907932,490.0,29155.0
1691121907950,220.0,29155.0
1691121907953,150.0,29155.0
1691121907956,35450.0,29155.0
1691121907956,210.0,29155.0
1691121907960,600.0,29156.5
1691121907960,220.0,29155.0
1691121907963,500.0,29156.5
1691121907976,140.0,29156.5
1691121907980,260.0,29156.5
1691121907985,100.0,29156.5
1691121907992,360.0,29156.5
1691121908029,110.0,29156.5
1691121908031,10740.0,29156.5
1691121980896,70.0,29158.5
1691121980896,50.0,29158.0
1691122036981,10.0,29161.0
1691122057184,510.0,29161.0
1691122066953,10.0,29164.0
1691122090742,450.0,29164.0
1691122092375,50.0,29164.0
1691122099560,130.0,29164.0
1691122103812,10.0,29164.0
1691122105207,10.0,29164.0
1691122145434,780.0,29164.0
1691122154111,790.0,29164.0
1691122160824,90.0,29164.0
1691122200310,170.0,29164.0
1691122202240,250.0,29164.0
1691122202245,290.0,29164.0
1691122202271,400.0,29164.0
1691122202309,140.0,29164.0
1691122220246,20.0,29164.0
1691122284481,120.0,29164.0
1691122308888,10.0,29164.0
1691122325536,30.0,29164.0
1691122335464,90.0,29164.0
1691122364991,-500.0,29163.5
1691122364991,-1450.0,29163.5
1691122364991,-11090.0,29163.5
1691122365019,-11000.0,29163.5
1691122365103,-610.0,29163.5
1691122365103,-2170.0,29163.5
1691122365103,-20.0,29163.5
1691122365103,-2630.0,29163.5
1691122365103,-3700.0,29163.5
1691122365103,-1270.0,29163.5
1691122365103,-10.0,29163.5
1691122365103,-2630.0,29163.5
1691122365199,-80.0,29163.5
1691122365199,-90.0,29163.5
1691122365199,-1740.0,29163.5
1691122365199,-660.0,29163.5
1691122365199,-1280.0,29163.5
1691122365201,-9520.0,29163.0
1691122464976,-5980.0,29159.5
1691122464976,-1450.0,29159.5
1691122464976,-500.0,29159.5
1691122470064,-110.0,29159.5
1691122470064,-370.0,29159.5
1691122470064,-500.0,29159.5
1691122470064,-1480.0,29159.5
1691122487110,-800.0,29157.5
1691122487110,-500.0,29157.5
1691122487110,-9090.0,29157.5
1691122530824,-50.0,29155.0
1691122586055,-90.0,29155.0
1691122623250,-40.0,29155.0
1691122642424,-80.0,29155.0
1691122669871,-40.0,29155.0
1691122711091,-40.0,29155.0
1691122741953,-70.0,29155.0
1691122765311,-60.0,29155.0
1691122770218,-120.0,29155.0
1691122770218,-30.0,29155.0
1691122770218,-40.0,29155.0
1691122770218,-9540.0,29155.0
1691122770218,-120.0,29155.0
1691122770218,-470.0,29155.0
1691122770218,-30.0,29155.0
1691122770218,-1860.0,29155.0
1691122770218,-110.0,29155.0
1691122778830,-10.0,29152.5
1691122780226,-10.0,29152.5
1691122798997,-160.0,29152.5
1691122806697,-50.0,29152.5
1691122806697,-100.0,29152.5
1691122806697,-320.0,29152.5
1691122826731,-10.0,29150.0
1691122856793,-20.0,29150.0
1691122937066,-940.0,29150.0
1691122937066,-940.0,29150.0
1691122937066,-40.0,29150.0
1691122937066,-470.0,29150.0
1691122937066,-940.0,29150.0
1691123048174,-500.0,29147.0
1691123049906,500.0,29140.5
1691123080171,-5000.0,29137.5
1691123080171,-12860.0,29137.0
1691123080171,-810.0,29137.5
1691123080171,-10000.0,29137.5
1691123080171,-30.0,29137.5
1691123080171,-500.0,29137.5
1691123080171,-10.0,29140.0
1691123150857,-20.0,29137.0
1691123151172,-480.0,29137.0
1691123151172,-150.0,29134.0
1691123151172,-100.0,29134.0
1691123151172,-150.0,29135.0
1691123151172,-52670.0,29132.5
1691123151172,-60.0,29134.0
1691123151172,-50.0,29134.0
1691123151172,-5000.0,29137.0
1691123151172,-240.0,29134.0
1691123151172,-38880.0,29137.0
1691123151172,-190.0,29134.0
1691123151172,-20.0,29137.0
1691123151172,-300.0,29134.0
1691123151172,-620.0,29137.0
1691123151172,-44800.0,29134.0
1691123151172,-10.0,29135.5
1691123151172,-1900.0,29132.5
1691123152788,-2540.0,29132.5
1691123152788,-12030.0,29132.5
1691123165614,270.0,29133.0
1691123165614,500.0,29133.0
1691123165614,80050.0,29133.0
1691123165614,1010.0,29133.0
1691123165614,18170.0,29133.0
1691123165617,19840.0,29133.0
1691123165621,28490.0,29133.0
1691123166714,270.0,29133.0
1691123166714,17050.0,29133.0
1691123166714,180.0,29133.0
1691123166714,500.0,29133.0
1691123166881,30.0,29138.0
1691123166881,30.0,29138.0
1691123167689,-20420.0,29140.5
1691123225400,4390.0,29141.0
1691123225400,500.0,29141.0
1691123225461,30.0,29144.0
1691123303585,470.0,29145.5
1691123372479,30.0,29147.0
1691123384310,5110.0,29147.0
1691123384310,830.0,29147.0
1691123384310,8160.0,29147.0
1691123384310,470.0,29147.0
1691123399940,500.0,29147.0
1691123399940,14070.0,29147.0
1691123432972,-18750.0,29146.5
1691123432972,-620.0,29146.5
1691123432972,-620.0,29146.5
1691123432978,-620.0,29146.5
1691123432978,-500.0,29146.5
1691123432978,-2020.0,29146.5
1691123432978,-26650.0,29146.5
1691123432978,-610.0,29146.5
1691123432978,-9600.0,29146.5
1691123432981,-2770.0,29146.5
1691123650110,-1930.0,29143.5
1691123650110,-6950.0,29143.5
1691123650110,-1100.0,29143.5
1691123650110,-2560.0,29143.5
1691123650110,-500.0,29143.5
1691123650112,-13040.0,29143.5
1691123650113,-90.0,29143.5
1691123650113,-6380.0,29143.5
1691123672095,3490.0,29142.0
1691123672095,2340.0,29142.0
1691123685196,2320.0,29142.0
1691123685196,15110.0,29142.0
1691123685196,2320.0,29142.0
1691123685196,50.0,29142.0
1691123685196,120.0,29142.0
1691123685196,700.0,29142.0
1691123685196,2320.0,29142.0
1691123685196,2350.0,29142.0
1691123685196,10.0,29142.0
1691123685196,30.0,29142.0
1691123695887,14570.0,29144.0
1691123714481,14420.0,29144.0
1691123714481,260.0,29144.0
1691123834430,-10.0,29146.5
1691123834430,-120.0,29146.5
1691123862975,-70.0,29146.5
1691123893965,-130.0,29146.5
1691123913571,70.0,29147.0
1691123913571,2440.0,29147.0
1691123913571,130.0,29147.0
1691123913571,2440.0,29147.0
1691123913571,600.0,29147.0
1691123913571,2440.0,29147.0
1691123913571,20.0,29147.0
1691123913571,140.0,29147.0
1691123913571,40.0,29147.0
1691123913571,10.0,29147.0
1691123913571,2440.0,29147.0
1691123913571,50.0,29147.0
1691123913603,9100.0,29147.5
1691123913603,500.0,29147.5
1691123980510,-50.0,29149.5
1691124020106,-160.0,29149.5
1691124087077,30.0,29150.0
1691124087077,500.0,29150.0
1691124087077,2440.0,29150.0
1691124087234,20.0,29153.0
1691124087234,12320.0,29153.0
1691124087234,10.0,29153.0
1691124087234,10.0,29153.0
1691124087234,20.0,29153.0
1691124087275,800.0,29157.5
1691124102217,20.0,29158.0
1691124198238,130.0,29158.0
1691124198238,500.0,29158.0
1691124198238,18590.0,29158.0
1691124248194,9190.0,29162.0
1691124248202,2780.0,29162.0
1691124251401,30.0,29162.0
1691124252807,800.0,29162.0
1691124257833,800.0,29162.0
1691124262532,800.0,29162.0
1691124263345,200.0,29162.0
1691124263347,250.0,29162.0
1691124263347,30.0,29162.0
1691124364407,800.0,29165.0
1691124365204,800.0,29165.0
1691124365248,250.0,29165.0
1691124365248,400.0,29165.0
1691124365248,500.0,29165.0
1691124365248,850.0,29165.0
1691124365248,480.0,29165.0
1691124365248,850.0,29165.0
1691124365248,310.0,29165.0
1691124365248,250.0,29165.0
1691124365250,1080.0,29165.0
1691124379246,80.0,29168.0
1691124379246,30.0,29168.0
1691124379246,100.0,29168.0
1691124379246,30.0,29168.0
1691124379246,500.0,29168.0
1691124379246,60.0,29168.0
1691124379254,90.0,29168.0
1691124384343,60.0,29169.0
1691124384343,500.0,29169.0
1691124384343,240.0,29170.0
1691124384788,1950.0,29170.0
1691124385285,780.0,29170.0
1691124385513,800.0,29170.0
1691124386531,760.0,29170.0
1691124386992,4290.0,29170.0
1691124386992,10040.0,29170.0
1691124386992,260.0,29170.0
1691124387427,20.0,29172.0
1691124390896,240.0,29172.0
1691124390896,300.0,29172.0
1691124390896,190.0,29172.0
1691124390896,20.0,29172.0
1691124390896,50.0,29172.0
1691124391758,160.0,29176.0
1691124391758,330.0,29172.0
1691124391758,310.0,29172.0
1691124398871,10.0,29176.0
1691124400270,10.0,29176.0
1691124480785,750.0,29176.0
1691124489474,50110.0,29176.0
1691124489560,150.0,29176.0
1691124489583,760.0,29176.0
1691124491349,790.0,29176.0
1691124496175,320.0,29176.0
1691124496175,30.0,29176.0
1691124497092,260.0,29176.0
1691124497092,500.0,29176.0
1691124499814,760.0,29176.0
1691124502667,790.0,29176.0
1691124504795,780.0,29176.0
1691124504904,800.0,29176.0
1691124506518,190.0,29176.0
1691124507134,760.0,29176.0
1691124507162,840.0,29176.0
1691124509186,760.0,29176.0
1691124511146,700.0,29176.0
1691124514105,800.0,29176.0
1691124516991,790.0,29176.0
1691124518737,790.0,29176.0
1691124519725,750.0,29176.0
1691124519826,700.0,29176.0
1691124526373,790.0,29176.0
1691124527634,790.0,29176.0
1691124531473,760.0,29176.0
1691124532898,440.0,29176.0
1691124533142,140.0,29176.0
1691124533758,180.0,29176.0
1691124535677,760.0,29176.0
1691124536122,780.0,29176.0
1691124536855,280.0,29176.0
1691124536858,790.0,29176.0
1691124536909,800.0,29176.0
1691124538102,800.0,29176.0
1691124538110,750.0,29176.0
1691124538112,11880.0,29176.0
1691124538112,270.0,29176.0
1691124538112,190.0,29179.0
1691124538112,150.0,29179.0
1691124538112,11310.0,29176.5
1691124538112,500.0,29176.0
1691124538112,380.0,29179.0
1691124538112,180.0,29179.0
1691124538361,290.0,29179.0
1691124541777,80.0,29180.5
1691124541785,70.0,29180.5
1691124541785,50.0,29180.5
1691124542132,550.0,29180.5
1691124545479,500.0,29180.5
1691124545479,210.0,29180.5
1691124545479,90.0,29184.0
1691124765020,10.0,29184.0
1691124765020,4180.0,29184.0
1691124765020,4150.0,29184.0
1691124765020,10.0,29184.0
1691124765020,500.0,29184.0
1691124765020,4150.0,29184.0
1691124765020,1590.0,29184.0
1691124782604,520.0,29185.5
1691124782604,30.0,29185.5
1691124782659,610.0,29185.5
1691124782672,800.0,29185.5
1691124782673,280.0,29185.5
1691124782676,160.0,29185.5
1691124782688,120.0,29185.5
1691124782698,190.0,29185.5
1691124782701,610.0,29185.5
1691124782703,200.0,29185.5
1691124782726,60.0,29185.5
1691124784730,500.0,29185.5
1691124787935,500.0,29185.5
1691124787935,120.0,29185.5
1691124787935,330.0,29185.5
1691124793170,-100.0,29187.0
1691125001307,20.0,29187.5
1691125020030,4180.0,29187.5
1691125020030,24530.0,29187.5
1691125020030,480.0,29187.5
1691125032233,28960.0,29188.0
1691125032233,230.0,29187.5
1691125065303,30.0,29188.0
1691125114443,29190.0,29188.0
1691125125617,29190.0,29188.0
1691125137192,4500.0,29188.0
1691125137618,150.0,29188.0
1691125137622,600.0,29188.0
1691125140211,800.0,29188.0
